2767 4634
434 579 843 673 carnunti.
980 608 1032 695 27

243 717 419 818 ingenuos
452 724 495 788 &¹
518 711 616 812 super
648 716 783 790 nobiles
814 715 1028 794 ascenduntt

243 815 343 916 apud
360 841 510 902 ceteros,
533 815 680 915 impares
693 817 848 890 libertini
860 817 1027 896 libertatis

241 939 493 1017 argumentum
511 911 599 988 sunt.
845 957 855 974 ·-

298 1017 442 1091 XXVI.
467 1017 518 1106 Fa
529 1041 612 1086 uus
636 1015 789 1116 agitare,
814 1016 901 1090 &in
915 1015 1029 1091 usuras

223 1201 226 1205 ¹
244 1115 459 1202 extendero,
480 1110 660 1215 ignotum:
678 1116 828 1215 ideoque
842 1119 951 1218 magis
963 1115 1031 1190 ser-

243 1241 368 1304 vatur,
390 1215 499 1314 quim
515 1213 541 1286 fi
555 1216 703 1290 vetitum
717 1214 810 1291 esset.
830 1216 944 1317 Agri,
966 1244 1029 1318 pro

245 1343 397 1390 numero
412 1313 605 1406 cultorum,
628 1315 672 1388 ab
686 1315 847 1391 universis
861 1344 919 1416 pet
938 1319 1030 1390 vices

243 1440 477 1517 occupantur,
492 1443 578 1520 quos
594 1443 676 1490 mox
688 1417 779 1490 inter
791 1415 825 1490 se
838 1415 1029 1489 secundum

245 1517 492 1617 dignationem
506 1516 719 1617 partiuntur:
740 1514 942 1589 facilitatem
956 1542 1031 1615 par-

245 1615 361 1692 tiendi
385 1641 587 1717 camporum
608 1615 714 1718 spatia
738 1618 899 1716 praestant.
939 1617 1035 1690 Arva

249 1743 310 1819 per
329 1743 441 1790 annos
456 1741 592 1790 mutant
606 1745 617 1812 3
638 1727 674 1791 &
687 1716 833 1817 superest
848 1742 928 1816 ager
942 1746 951 1788 t
967 1743 1035 1789 nec

251 1817 352 1890 enim
378 1843 458 1890 cum
480 1817 637 1891 ubertate
659 1827 696 1890 δι
719 1815 949 1916 amplitudine
969 1813 1035 1889 soli

253 1915 374 1990 labore
387 1917 619 2005 contendunt,
630 1940 669 1988 ut
675 1916 831 2018 pomaria
841 1912 1034 2005 conserant,
1053 1971 1065 1984 .

251 2027 289 2092 &
303 2042 400 2117 prata
414 2015 592 2116 separent,
614 2026 651 2092 &
668 2017 787 2088 hortos
804 2016 937 2116 rigent:
959 2013 1031 2090 sola

251 2143 347 2192 terrae
359 2115 457 2216 seges
467 2118 664 2219 imperatur.
684 2114 791 2190 Unde
804 2143 934 2189 annum
948 2145 1035 2215 quo-

251 2243 319 2316 que
339 2217 352 2290 i
377 2216 455 2290 sum
475 2219 598 2294 non-in
612 2215 761 2312 tptidem
776 2216 938 2316 digerunt
956 2216 1034 2316 spe-¹

251 2319 320 2391 cies
333 2347 342 2389 ι
353 2246 502 2407 iriems,
519 2328 645 2405 &ver‚
666 2317 801 2393 &ustas
814 2314 1034 2390 intellectum

251 2446 293 2492 ae
320 2417 493 2502 vocabula
518 2417 669 2491 habent:
697 2417 856 2490 autumni
887 2413 1033 2518 perinde
1076 2513 1079 2516 .

251 2543 390 2609 nomen
405 2544 445 2588 ac
458 2517 550 2592 bona
562 2519 772 2618 ignorantur.
1015 2523 1021 2528 “

307 2617 473 2688 xxvii.
501 2619 714 2692 runtnun
741 2614 836 2688 'nulla
864 2612 1034 2687 ambitiot
1067 2639 1072 2642 ·

253 2712 296 2787 id
307 2712 423 2788 sehim
437 2711 645 2806 observatur,
659 2741 698 2791 ut
710 2735 853 2814 corpora
864 2711 1035 2785 clarorum

254 2815 411 2890 virorum
429 2815 529 2889 certis
543 2815 643 2918 lignis
661 2836 867 2910 crementur.
894 2815 1033 2886 Struem

257 2915 336 3015 rogi
359 2941 423 2987 nec
445 2915 615 3006 vestibus,
638 2943 705 2990 nec
725 2912 887 2989 odoribus
911 2939 1034 2986 cumu-

255 3013 331 3088 lant
346 3042 355 3085 t
378 3013 436 3087 sua
447 3016 569 3114 cuique
583 3043 699 3103 arma,
715 3014 946 3114 quorumdam
959 3011 1035 3113 igni

256 3115 587 3212 &equuaadjicitur
596 3114 794 3217 Sepulcmm
804 3112 914 3213 cespes
922 3113 1033 3210 erigit.

255 3215 577 3288 Monumentorum
609 3215 755 3290 arduum
785 3225 821 3288 &
852 3210 1034 3315 operosum

255 3314 460 3402 honorem,
484 3338 523 3388 ut
542 3341 680 3414 gravem
706 3311 897 3405 defunstis,
923 3308 962 3385 as
979 3338 1035 3384 er-

255 3437 400 3486 nantnt.
427 3418 596 3488 Lamenta
609 3445 647 3490 ac
663 3414 817 3492 lacrimas
830 3414 918 3500 citi),
937 3338 1037 3486 <ino

257 3537 340 3588 rem
357 3522 394 3588 &
418 3515 589 3616 tristitiam
614 3517 864 3618 tarde-ponunt.
886 3511 1035 3594 Feminis

818 3613 895 3712 1³11
