<?xml version="1.0" encoding="UTF-8"?>
<!DOCTYPE html PUBLIC "-//W3C//DTD XHTML 1.0 Transitional//EN"
    "http://www.w3.org/TR/xhtml1/DTD/xhtml1-transitional.dtd">
<html xmlns="http://www.w3.org/1999/xhtml" xml:lang="en" lang="en">
 <head>
  <title>
</title>
<meta http-equiv="Content-Type" content="text/html;charset=utf-8" />
  <meta name='ocr-system' content='tesseract 3.04.00' />
  <meta name='ocr-capabilities' content='ocr_page ocr_carea ocr_par ocr_line ocrx_word'/>
</head>
<body>
  <div class='ocr_page' id='page_1' title='image "./operasupplement01tacigoog_0100.png"; bbox 0 0 2767 4634; ppageno 0'>
   <div class='ocr_carea' id='block_1_1' title="bbox 272 607 1137 1732">
    <p class='ocr_par' dir='ltr' id='par_1_1' title="bbox 272 607 1137 1732">
     <span class='ocr_line' id='line_1_1' title="bbox 367 607 1021 709; baseline -0.005 -21"><span class='ocrx_word' id='word_1_1' title='bbox 367 630 417 709; x_wconf 77' lang='lat'>96</span> <span class='ocrx_word' id='word_1_2' title='bbox 482 614 526 687; x_wconf 86' lang='lat' dir='ltr'>C.</span> <span class='ocrx_word' id='word_1_3' title='bbox 553 612 818 689; x_wconf 76' lang='lat' dir='ltr'>Corturrtt</span> <span class='ocrx_word' id='word_1_4' title='bbox 846 607 1021 687; x_wconf 68' lang='lat' dir='ltr'>Treui</span> 
     </span>
     <span class='ocr_line' id='line_1_2' title="bbox 347 725 1130 835; baseline -0.001 -27"><span class='ocrx_word' id='word_1_5' title='bbox 347 762 351 771; x_wconf 90' lang='grc'>’</span> <span class='ocrx_word' id='word_1_6' title='bbox 365 732 571 835; x_wconf 68' lang='lat' dir='ltr'>quibui-‘dam</span> <span class='ocrx_word' id='word_1_7' title='bbox 584 761 603 805; x_wconf 84' lang='lat' dir='ltr'>a</span> <span class='ocrx_word' id='word_1_8' title='bbox 615 728 721 829; x_wconf 88' lang='lat' dir='ltr'>seipso</span> <span class='ocrx_word' id='word_1_9' title='bbox 733 729 946 823; x_wconf 78' lang='lat' dir='ltr'>concellum,</span> <span class='ocrx_word' id='word_1_10' title='bbox 966 725 1130 833; x_wconf 67' lang='lat' dir='ltr'>Agricola!</span> 
     </span>
     <span class='ocr_line' id='line_1_3' title="bbox 363 827 1131 931; baseline 0 -24"><span class='ocrx_word' id='word_1_11' title='bbox 363 858 439 907; x_wconf 85' lang='lat' dir='ltr'>non</span> <span class='ocrx_word' id='word_1_12' title='bbox 455 833 550 907; x_wconf 85' lang='lat' dir='ltr'>dedit</span> <span class='ocrx_word' id='word_1_13' title='bbox 564 860 573 905; x_wconf 80' lang='lat' dir='ltr'>t</span> <span class='ocrx_word' id='word_1_14' title='bbox 597 828 663 905; x_wconf 80' lang='lat' dir='ltr'>sive</span> <span class='ocrx_word' id='word_1_15' title='bbox 674 827 819 904; x_wconf 83' lang='lat' dir='ltr'>offensus</span> <span class='ocrx_word' id='word_1_16' title='bbox 835 886 846 920; x_wconf 86' lang='lat'>‚</span> <span class='ocrx_word' id='word_1_17' title='bbox 870 850 943 904; x_wconf 89' lang='lat' dir='ltr'>non</span> <span class='ocrx_word' id='word_1_18' title='bbox 962 834 1131 931; x_wconf 80' lang='lat' dir='ltr'>petitum,</span> 
     </span>
     <span class='ocr_line' id='line_1_4' title="bbox 366 927 1131 1029; baseline 0 -22"><span class='ocrx_word' id='word_1_19' title='bbox 366 934 433 1007; x_wconf 85' lang='lat' dir='ltr'>five</span> <span class='ocrx_word' id='word_1_20' title='bbox 452 960 493 1007; x_wconf 85' lang='lat' dir='ltr'>ex</span> <span class='ocrx_word' id='word_1_21' title='bbox 515 927 742 1023; x_wconf 57' lang='lat' dir='ltr'>conscientia,</span> <span class='ocrx_word' id='word_1_22' title='bbox 767 958 811 1005; x_wconf 87' lang='lat' dir='ltr'>ne</span> <span class='ocrx_word' id='word_1_23' title='bbox 833 932 930 1029; x_wconf 89' lang='lat' dir='ltr'>quod</span> <span class='ocrx_word' id='word_1_24' title='bbox 955 957 1131 1023; x_wconf 81' lang='lat' dir='ltr'>vetuerat,-</span> 
     </span>
     <span class='ocr_line' id='line_1_5' title="bbox 363 1029 1134 1135; baseline 0.001 -28"><span class='ocrx_word' id='word_1_25' title='bbox 363 1032 537 1107; x_wconf 68' lang='lat' dir='ltr'>uidetetur</span> <span class='ocrx_word' id='word_1_26' title='bbox 549 1029 676 1105; x_wconf 72' lang='lat' dir='ltr'>emilie.</span> <span class='ocrx_word' id='word_1_27' title='bbox 694 1032 871 1133; x_wconf 84' lang='lat' dir='ltr'>Proprium</span> <span class='ocrx_word' id='word_1_28' title='bbox 883 1031 1026 1105; x_wconf 81' lang='lat' dir='ltr'>humani</span> <span class='ocrx_word' id='word_1_29' title='bbox 1038 1035 1134 1135; x_wconf 87' lang='lat' dir='ltr'>inge-</span> 
     </span>
     <span class='ocr_line' id='line_1_6' title="bbox 363 1128 1135 1231; baseline -0.003 -22"><span class='ocrx_word' id='word_1_30' title='bbox 363 1132 414 1209; x_wconf 84' lang='lat' dir='ltr'>nii</span> <span class='ocrx_word' id='word_1_31' title='bbox 428 1133 474 1205; x_wconf 87' lang='lat' dir='ltr'>est</span> <span class='ocrx_word' id='word_1_32' title='bbox 483 1186 494 1221; x_wconf 90' lang='lat'><strong>,</strong></span> <span class='ocrx_word' id='word_1_33' title='bbox 512 1132 639 1219; x_wconf 73' lang='lat' dir='ltr'>editio,</span> <span class='ocrx_word' id='word_1_34' title='bbox 660 1158 765 1231; x_wconf 89' lang='lat' dir='ltr'>quem</span> <span class='ocrx_word' id='word_1_35' title='bbox 780 1128 897 1205; x_wconf 82' lang='lat' dir='ltr'>laesetis</span> <span class='ocrx_word' id='word_1_36' title='bbox 911 1161 920 1203; x_wconf 78' lang='lat' dir='ltr'>t</span> <span class='ocrx_word' id='word_1_37' title='bbox 936 1134 1135 1228; x_wconf 84' lang='lat' dir='ltr'>Domitiani</span> 
     </span>
     <span class='ocr_line' id='line_1_7' title="bbox 361 1232 1135 1333; baseline 0.004 -30"><span class='ocrx_word' id='word_1_38' title='bbox 361 1233 447 1305; x_wconf 80' lang='lat' dir='ltr'>-verb</span> <span class='ocrx_word' id='word_1_39' title='bbox 460 1258 579 1305; x_wconf 77' lang='lat' dir='ltr'>natura</span> <span class='ocrx_word' id='word_1_40' title='bbox 592 1258 735 1333; x_wconf 84' lang='lat' dir='ltr'>praeceps</span> <span class='ocrx_word' id='word_1_41' title='bbox 751 1232 788 1303; x_wconf 90' lang='lat' dir='ltr'>in</span> <span class='ocrx_word' id='word_1_42' title='bbox 805 1232 891 1304; x_wconf 84' lang='lat' dir='ltr'>itam</span> <span class='ocrx_word' id='word_1_43' title='bbox 904 1286 916 1321; x_wconf 88' lang='lat'>,</span> <span class='ocrx_word' id='word_1_44' title='bbox 939 1242 975 1305; x_wconf 87' lang='lat'><strong>&amp;</strong></span> <span class='ocrx_word' id='word_1_45' title='bbox 988 1236 1058 1331; x_wconf 81' lang='lat' dir='ltr'>qub</span> <span class='ocrx_word' id='word_1_46' title='bbox 1068 1234 1135 1306; x_wconf 91' lang='lat' dir='ltr'>ob-</span> 
     </span>
     <span class='ocr_line' id='line_1_8' title="bbox 272 1329 1137 1425; baseline 0.001 -20"><span class='ocrx_word' id='word_1_47' title='bbox 272 1377 276 1383; x_wconf 35' lang='lat'><em>*</em></span> <span class='ocrx_word' id='word_1_48' title='bbox 305 1359 309 1369; x_wconf 87' lang='grc'><em>’</em></span> <span class='ocrx_word' id='word_1_49' title='bbox 363 1329 513 1421; x_wconf 86' lang='lat' dir='ltr'>scutiot,</span> <span class='ocrx_word' id='word_1_50' title='bbox 538 1330 871 1420; x_wconf 81' lang='lat' dir='ltr'>ebirtevocabilior,</span> <span class='ocrx_word' id='word_1_51' title='bbox 894 1333 1137 1425; x_wconf 72' lang='lat' dir='ltr'>moderatione</span> 
     </span>
     <span class='ocr_line' id='line_1_9' title="bbox 363 1430 1137 1533; baseline 0 -28"><span class='ocrx_word' id='word_1_52' title='bbox 363 1450 480 1505; x_wconf 82' lang='lat' dir='ltr'>tamen</span> <span class='ocrx_word' id='word_1_53' title='bbox 493 1430 738 1532; x_wconf 51' lang='lat' dir='ltr'>prudentiaque</span> <span class='ocrx_word' id='word_1_54' title='bbox 747 1430 914 1533; x_wconf 78' lang='lat' dir='ltr'>Agricolae</span> <span class='ocrx_word' id='word_1_55' title='bbox 923 1432 1137 1505; x_wconf 81' lang='lat' dir='ltr'>leniebaturt</span> 
     </span>
     <span class='ocr_line' id='line_1_10' title="bbox 363 1532 1136 1631; baseline -0.005 -24"><span class='ocrx_word' id='word_1_56' title='bbox 363 1532 445 1631; x_wconf 84' lang='lat' dir='ltr'>quia</span> <span class='ocrx_word' id='word_1_57' title='bbox 462 1556 533 1603; x_wconf 92' lang='lat' dir='ltr'>non</span> <span class='ocrx_word' id='word_1_58' title='bbox 547 1532 787 1619; x_wconf 65' lang='lat' dir='ltr'>contumacil&#39;,</span> <span class='ocrx_word' id='word_1_59' title='bbox 811 1557 855 1605; x_wconf 77' lang='lat' dir='ltr'>ne</span> <span class='ocrx_word' id='word_1_60' title='bbox 882 1558 923 1604; x_wconf 88' lang='lat' dir='ltr'>ue</span> <span class='ocrx_word' id='word_1_61' title='bbox 944 1532 1039 1604; x_wconf 83' lang='lat' dir='ltr'>inani</span> <span class='ocrx_word' id='word_1_62' title='bbox 1061 1539 1136 1631; x_wconf 84' lang='lat' dir='ltr'>jac-</span> 
     </span>
     <span class='ocr_line' id='line_1_11' title="bbox 363 1559 1134 1732; baseline -0.001 -27"><span class='ocrx_word' id='word_1_63' title='bbox 363 1632 492 1705; x_wconf 80' lang='lat' dir='ltr'>tatione</span> <span class='ocrx_word' id='word_1_64' title='bbox 506 1628 694 1721; x_wconf 79' lang='lat' dir='ltr'>libertatis,</span> <span class='ocrx_word' id='word_1_65' title='bbox 717 1629 846 1704; x_wconf 78' lang='lat' dir='ltr'>iamam</span> <span class='ocrx_word' id='word_1_66' title='bbox 857 1559 1036 1730; x_wconf 56' lang='lat' dir='ltr'>latumque</span> <span class='ocrx_word' id='word_1_67' title='bbox 1053 1658 1134 1732; x_wconf 55' lang='lat' dir='ltr'>pro*</span> 
     </span>
    </p>
   </div>
   <div class='ocr_carea' id='block_1_2' title="bbox 273 1729 1157 2324">
    <p class='ocr_par' dir='ltr' id='par_1_2' title="bbox 273 1729 1157 2324">
     <span class='ocr_line' id='line_1_12' title="bbox 364 1729 1157 1830; baseline -0.001 -25"><span class='ocrx_word' id='word_1_68' title='bbox 364 1730 516 1805; x_wconf 78' lang='lat' dir='ltr'>vocabat.</span> <span class='ocrx_word' id='word_1_69' title='bbox 542 1732 680 1818; x_wconf 78' lang='lat' dir='ltr'>Sciant,</span> <span class='ocrx_word' id='word_1_70' title='bbox 702 1731 826 1830; x_wconf 87' lang='lat' dir='ltr'>quibus</span> <span class='ocrx_word' id='word_1_71' title='bbox 841 1732 945 1803; x_wconf 88' lang='lat' dir='ltr'>moris</span> <span class='ocrx_word' id='word_1_72' title='bbox 956 1732 1003 1802; x_wconf 84' lang='lat' dir='ltr'>est</span> <span class='ocrx_word' id='word_1_73' title='bbox 1014 1729 1135 1820; x_wconf 82' lang='lat' dir='ltr'>illicito</span> <span class='ocrx_word' id='word_1_74' title='bbox 1154 1755 1157 1759; x_wconf 89' lang='grc'><strong><em>·</em></strong></span> 
     </span>
     <span class='ocr_line' id='line_1_13' title="bbox 364 1828 1133 1931; baseline -0.003 -26"><span class='ocrx_word' id='word_1_75' title='bbox 364 1831 500 1919; x_wconf 85' lang='lat' dir='ltr'>mirati,</span> <span class='ocrx_word' id='word_1_76' title='bbox 518 1828 607 1931; x_wconf 81' lang='lat' dir='ltr'>poffe</span> <span class='ocrx_word' id='word_1_77' title='bbox 622 1831 727 1905; x_wconf 80' lang='lat' dir='ltr'>etiam</span> <span class='ocrx_word' id='word_1_78' title='bbox 740 1830 800 1903; x_wconf 83' lang='lat' dir='ltr'>snb</span> <span class='ocrx_word' id='word_1_79' title='bbox 814 1830 911 1903; x_wconf 87' lang='lat' dir='ltr'>malis</span> <span class='ocrx_word' id='word_1_80' title='bbox 923 1831 1133 1931; x_wconf 83' lang='lat' dir='ltr'>Principibus</span> 
     </span>
     <span class='ocr_line' id='line_1_14' title="bbox 366 1929 1134 2030; baseline -0.004 -27"><span class='ocrx_word' id='word_1_81' title='bbox 366 1957 508 2030; x_wconf 79' lang='lat' dir='ltr'>magnos</span> <span class='ocrx_word' id='word_1_82' title='bbox 520 1932 609 2007; x_wconf 88' lang='lat' dir='ltr'>viros</span> <span class='ocrx_word' id='word_1_83' title='bbox 621 1929 705 2003; x_wconf 78' lang='lat' dir='ltr'>effe:</span> <span class='ocrx_word' id='word_1_84' title='bbox 721 1929 992 2029; x_wconf 81' lang='lat' dir='ltr'>obsequiumque</span> <span class='ocrx_word' id='word_1_85' title='bbox 1006 1958 1043 2001; x_wconf 89' lang='lat' dir='ltr'>ac</span> <span class='ocrx_word' id='word_1_86' title='bbox 1056 1954 1134 2001; x_wconf 67' lang='lat' dir='ltr'>mo-⁴</span> 
     </span>
     <span class='ocr_line' id='line_1_15' title="bbox 273 2023 1135 2126; baseline -0.002 -23"><span class='ocrx_word' id='word_1_87' title='bbox 273 2062 276 2071; x_wconf 91' lang='lat'>·</span> <span class='ocrx_word' id='word_1_88' title='bbox 364 2029 531 2117; x_wconf 84' lang='lat' dir='ltr'>destiam,</span> <span class='ocrx_word' id='word_1_89' title='bbox 553 2026 577 2099; x_wconf 84' lang='lat' dir='ltr'>fi</span> <span class='ocrx_word' id='word_1_90' title='bbox 593 2029 753 2126; x_wconf 78' lang='lat' dir='ltr'>industria</span> <span class='ocrx_word' id='word_1_91' title='bbox 770 2057 808 2101; x_wconf 82' lang='lat' dir='ltr'>ac</span> <span class='ocrx_word' id='word_1_92' title='bbox 827 2030 924 2125; x_wconf 82' lang='lat' dir='ltr'>vigor</span> <span class='ocrx_word' id='word_1_93' title='bbox 940 2023 1070 2117; x_wconf 82' lang='lat' dir='ltr'>adsint,</span> <span class='ocrx_word' id='word_1_94' title='bbox 1091 2031 1135 2101; x_wconf 84' lang='lat' dir='ltr'>eb</span> 
     </span>
     <span class='ocr_line' id='line_1_16' title="bbox 364 2125 1135 2296; baseline 0.001 -98"><span class='ocrx_word' id='word_1_95' title='bbox 364 2127 474 2220; x_wconf 78' lang='lat' dir='ltr'>landis</span> <span class='ocrx_word' id='word_1_96' title='bbox 484 2126 658 2214; x_wconf 83' lang='lat' dir='ltr'>excedere,</span> <span class='ocrx_word' id='word_1_97' title='bbox 666 2128 736 2224; x_wconf 81' lang='lat' dir='ltr'>qub</span> <span class='ocrx_word' id='word_1_98' title='bbox 744 2125 898 2296; x_wconf 66' lang='lat' dir='ltr'>[letique</span> <span class='ocrx_word' id='word_1_99' title='bbox 913 2151 972 2229; x_wconf 89' lang='lat' dir='ltr'>pet</span> <span class='ocrx_word' id='word_1_100' title='bbox 981 2128 1135 2229; x_wconf 82' lang='lat' dir='ltr'>abrupta,</span> 
     </span>
     <span class='ocr_line' id='line_1_17' title="bbox 363 2223 743 2324; baseline -0.005 -25"><span class='ocrx_word' id='word_1_101' title='bbox 363 2223 424 2299; x_wconf 81' lang='lat' dir='ltr'>sed</span> <span class='ocrx_word' id='word_1_102' title='bbox 433 2224 469 2297; x_wconf 89' lang='lat' dir='ltr'>in</span> <span class='ocrx_word' id='word_1_103' title='bbox 482 2224 616 2298; x_wconf 90' lang='lat' dir='ltr'>nullum</span> <span class='ocrx_word' id='word_1_104' title='bbox 625 2223 743 2324; x_wconf 88' lang='lat' dir='ltr'>reipub</span> 
     </span>
    </p>
   </div>
   <div class='ocr_carea' id='block_1_3' title="bbox 297 2224 1257 3622">
    <p class='ocr_par' dir='ltr' id='par_1_3' title="bbox 365 2224 1136 2399">
     <span class='ocr_line' id='line_1_18' title="bbox 759 2224 1136 2316; baseline 0.003 -18"><span class='ocrx_word' id='word_1_105' title='bbox 759 2224 815 2299; x_wconf 82' lang='lat' dir='ltr'>’cae</span> <span class='ocrx_word' id='word_1_106' title='bbox 827 2225 1136 2316; x_wconf 74' lang='lat' dir='ltr'>usum,ambitiostl</span> 
     </span>
     <span class='ocr_line' id='line_1_19' title="bbox 365 2324 933 2399; baseline -0.007 0"><span class='ocrx_word' id='word_1_107' title='bbox 365 2349 477 2399; x_wconf 88' lang='lat' dir='ltr'>morte</span> <span class='ocrx_word' id='word_1_108' title='bbox 498 2324 736 2399; x_wconf 75' lang='lat' dir='ltr'>inclaruerunt.</span> <span class='ocrx_word' id='word_1_109' title='bbox 930 2368 933 2372; x_wconf 94' lang='lat'><em>-</em></span> 
     </span>
    </p>

    <p class='ocr_par' dir='ltr' id='par_1_4' title="bbox 297 2421 1257 3622">
     <span class='ocr_line' id='line_1_20' title="bbox 297 2421 1136 2522; baseline -0.001 -24"><span class='ocrx_word' id='word_1_110' title='bbox 297 2492 306 2507; x_wconf 85' lang='lat'>,</span> <span class='ocrx_word' id='word_1_111' title='bbox 363 2451 396 2481; x_wconf 60' lang='lat'>-2</span> <span class='ocrx_word' id='word_1_112' title='bbox 422 2422 549 2498; x_wconf 83' lang='lat' dir='ltr'><strong>XLIII.</strong></span> <span class='ocrx_word' id='word_1_113' title='bbox 566 2421 660 2498; x_wconf 80' lang='lat' dir='ltr'>Ftnrs</span> <span class='ocrx_word' id='word_1_114' title='bbox 669 2424 750 2507; x_wconf 65' lang='lat' dir='ltr'>‚vitae</span> <span class='ocrx_word' id='word_1_115' title='bbox 763 2425 834 2522; x_wconf 84' lang='lat' dir='ltr'>ejus</span> <span class='ocrx_word' id='word_1_116' title='bbox 844 2421 943 2497; x_wconf 89' lang='lat' dir='ltr'>nobis</span> <span class='ocrx_word' id='word_1_117' title='bbox 954 2421 1136 2513; x_wconf 77' lang='lat' dir='ltr'>luctuosus,</span> 
     </span>
     <span class='ocr_line' id='line_1_21' title="bbox 364 2522 1257 2626; baseline -0.002 -27"><span class='ocrx_word' id='word_1_118' title='bbox 364 2525 483 2599; x_wconf 73' lang='lat' dir='ltr'>amicis</span> <span class='ocrx_word' id='word_1_119' title='bbox 499 2524 620 2615; x_wconf 89' lang='lat' dir='ltr'>tristis,</span> <span class='ocrx_word' id='word_1_120' title='bbox 641 2526 806 2599; x_wconf 81' lang='lat' dir='ltr'>extraneis</span> <span class='ocrx_word' id='word_1_121' title='bbox 822 2525 926 2597; x_wconf 89' lang='lat' dir='ltr'>etiam</span> <span class='ocrx_word' id='word_1_122' title='bbox 940 2522 1134 2626; x_wconf 85' lang='lat' dir='ltr'>ignotisque</span> <span class='ocrx_word' id='word_1_123' title='bbox 1256 2589 1257 2606; x_wconf 65' lang='grc'>,</span> 
     </span>
     <span class='ocr_line' id='line_1_22' title="bbox 367 2620 1257 2725; baseline -0.002 -27"><span class='ocrx_word' id='word_1_124' title='bbox 367 2652 438 2698; x_wconf 90' lang='lat' dir='ltr'>non</span> <span class='ocrx_word' id='word_1_125' title='bbox 461 2622 630 2700; x_wconf 60' lang='lat' dir='ltr'>(meruti</span> <span class='ocrx_word' id='word_1_126' title='bbox 653 2622 728 2698; x_wconf 90' lang='lat' dir='ltr'>fuir.</span> <span class='ocrx_word' id='word_1_127' title='bbox 760 2620 893 2725; x_wconf 89' lang='lat' dir='ltr'>Vulgus</span> <span class='ocrx_word' id='word_1_128' title='bbox 915 2652 1075 2723; x_wconf 89' lang='lat' dir='ltr'>quoque,</span> <span class='ocrx_word' id='word_1_129' title='bbox 1098 2632 1136 2697; x_wconf 88' lang='lat'>&amp;</span> <span class='ocrx_word' id='word_1_130' title='bbox 1237 2631 1257 2644; x_wconf 77' lang='grc'>”</span> 
     </span>
     <span class='ocr_line' id='line_1_23' title="bbox 358 2724 1153 2824; baseline -0.009 -22"><span class='ocrx_word' id='word_1_131' title='bbox 358 2726 421 2802; x_wconf 66' lang='lat' dir='ltr'>xbic</span> <span class='ocrx_word' id='word_1_132' title='bbox 444 2726 538 2799; x_wconf 87' lang='lat' dir='ltr'>aliud</span> <span class='ocrx_word' id='word_1_133' title='bbox 559 2754 660 2824; x_wconf 80' lang='lat' dir='ltr'>agens</span> <span class='ocrx_word' id='word_1_134' title='bbox 680 2754 726 2823; x_wconf 87' lang='lat' dir='ltr'>po</span> <span class='ocrx_word' id='word_1_135' title='bbox 750 2724 843 2809; x_wconf 62' lang='lat' dir='ltr'>ulus5</span> <span class='ocrx_word' id='word_1_136' title='bbox 866 2733 902 2794; x_wconf 86' lang='lat'>&amp;</span> <span class='ocrx_word' id='word_1_137' title='bbox 919 2726 1153 2795; x_wconf 71' lang='lat' dir='ltr'>uentitav&#39;ete·</span> 
     </span>
     <span class='ocr_line' id='line_1_24' title="bbox 363 2752 1135 2919; baseline -0.004 -24"><span class='ocrx_word' id='word_1_138' title='bbox 363 2820 409 2896; x_wconf 78' lang='lat' dir='ltr'>od</span> <span class='ocrx_word' id='word_1_139' title='bbox 421 2822 583 2909; x_wconf 87' lang='lat' dir='ltr'>domum,</span> <span class='ocrx_word' id='word_1_140' title='bbox 599 2833 634 2895; x_wconf 73' lang='grc' dir='ltr'>δι</span> <span class='ocrx_word' id='word_1_141' title='bbox 646 2848 705 2919; x_wconf 86' lang='lat' dir='ltr'>per</span> <span class='ocrx_word' id='word_1_142' title='bbox 716 2752 810 2904; x_wconf 62' lang='lat' dir='ltr'>lbra,</span> <span class='ocrx_word' id='word_1_143' title='bbox 822 2829 858 2890; x_wconf 88' lang='lat'>&amp;</span> <span class='ocrx_word' id='word_1_144' title='bbox 870 2818 1009 2888; x_wconf 88' lang='lat' dir='ltr'>circulos</span> <span class='ocrx_word' id='word_1_145' title='bbox 1027 2820 1135 2893; x_wconf 89' lang='lat' dir='ltr'>locuti</span> 
     </span>
     <span class='ocr_line' id='line_1_25' title="bbox 365 2912 1138 3019; baseline -0.001 -27"><span class='ocrx_word' id='word_1_146' title='bbox 365 2918 462 2994; x_wconf 87' lang='lat' dir='ltr'>sunt:</span> <span class='ocrx_word' id='word_1_147' title='bbox 484 2946 546 2991; x_wconf 82' lang='lat' dir='ltr'>nec</span> <span class='ocrx_word' id='word_1_148' title='bbox 565 2917 765 3015; x_wconf 86' lang='lat' dir='ltr'>qnisquam,</span> <span class='ocrx_word' id='word_1_149' title='bbox 784 2912 899 2987; x_wconf 71' lang='lat' dir='ltr'>auditl</span> <span class='ocrx_word' id='word_1_150' title='bbox 913 2939 1025 3004; x_wconf 82' lang='lat' dir='ltr'>morte</span> <span class='ocrx_word' id='word_1_151' title='bbox 1034 2915 1138 3019; x_wconf 85' lang='lat' dir='ltr'>Agri-</span> 
     </span>
     <span class='ocr_line' id='line_1_26' title="bbox 366 3014 1135 3103; baseline 0.001 -12"><span class='ocrx_word' id='word_1_152' title='bbox 366 3018 470 3102; x_wconf 82' lang='lat' dir='ltr'>colae,</span> <span class='ocrx_word' id='word_1_153' title='bbox 495 3041 551 3088; x_wconf 83' lang='lat' dir='ltr'>aut</span> <span class='ocrx_word' id='word_1_154' title='bbox 566 3016 691 3088; x_wconf 72' lang='lat' dir='ltr'>lutatus</span> <span class='ocrx_word' id='word_1_155' title='bbox 706 3014 753 3087; x_wconf 84' lang='lat' dir='ltr'>est</span> <span class='ocrx_word' id='word_1_156' title='bbox 762 3070 774 3103; x_wconf 88' lang='lat'>,</span> <span class='ocrx_word' id='word_1_157' title='bbox 799 3037 856 3089; x_wconf 81' lang='lat' dir='ltr'>out</span> <span class='ocrx_word' id='word_1_158' title='bbox 873 3014 984 3087; x_wconf 79' lang='lat' dir='ltr'>statim</span> <span class='ocrx_word' id='word_1_159' title='bbox 1006 3016 1135 3093; x_wconf 79' lang='lat' dir='ltr'>oblitus</span> 
     </span>
     <span class='ocr_line' id='line_1_27' title="bbox 366 3112 1135 3217; baseline 0.001 -28"><span class='ocrx_word' id='word_1_160' title='bbox 366 3119 423 3189; x_wconf 86' lang='lat' dir='ltr'>est.</span> <span class='ocrx_word' id='word_1_161' title='bbox 447 3114 606 3217; x_wconf 86' lang='lat' dir='ltr'>Augebat</span> <span class='ocrx_word' id='word_1_162' title='bbox 627 3112 882 3189; x_wconf 80' lang='lat' dir='ltr'>miserationem</span> <span class='ocrx_word' id='word_1_163' title='bbox 904 3116 1055 3189; x_wconf 76' lang='lat' dir='ltr'>constans</span> <span class='ocrx_word' id='word_1_164' title='bbox 1076 3145 1135 3190; x_wconf 80' lang='lat' dir='ltr'>ru-</span> 
     </span>
     <span class='ocr_line' id='line_1_28' title="bbox 366 3215 1133 3316; baseline 0.001 -27"><span class='ocrx_word' id='word_1_165' title='bbox 366 3242 461 3305; x_wconf 84' lang='lat' dir='ltr'>mor,</span> <span class='ocrx_word' id='word_1_166' title='bbox 474 3215 1133 3316; x_wconf 63' lang='lat' dir='ltr'>«venenointerceptumnnobisnihil</span> 
     </span>
     <span class='ocr_line' id='line_1_29' title="bbox 363 3314 1133 3418; baseline 0.005 -32"><span class='ocrx_word' id='word_1_167' title='bbox 363 3319 535 3418; x_wconf 73' lang='lat' dir='ltr'>comperti</span> <span class='ocrx_word' id='word_1_168' title='bbox 552 3318 731 3391; x_wconf 76' lang='lat' dir='ltr'>adfirmare</span> <span class='ocrx_word' id='word_1_169' title='bbox 749 3314 876 3389; x_wconf 82' lang='lat' dir='ltr'>ausim:</span> <span class='ocrx_word' id='word_1_170' title='bbox 901 3314 1053 3389; x_wconf 75' lang='lat' dir='ltr'>ceretium</span> <span class='ocrx_word' id='word_1_171' title='bbox 1074 3342 1133 3416; x_wconf 87' lang='lat' dir='ltr'>pet</span> 
     </span>
     <span class='ocr_line' id='line_1_30' title="bbox 307 3416 1132 3514; baseline -0.007 -21"><span class='ocrx_word' id='word_1_172' title='bbox 307 3482 317 3493; x_wconf 75' lang='grc'><strong>.</strong></span> <span class='ocrx_word' id='word_1_173' title='bbox 362 3444 512 3489; x_wconf 88' lang='lat' dir='ltr'>omnem</span> <span class='ocrx_word' id='word_1_174' title='bbox 547 3417 779 3492; x_wconf 84' lang='lat' dir='ltr'>valetudinem</span> <span class='ocrx_word' id='word_1_175' title='bbox 812 3421 919 3514; x_wconf 87' lang='lat' dir='ltr'>ejus,</span> <span class='ocrx_word' id='word_1_176' title='bbox 950 3416 1132 3504; x_wconf 74' lang='lat' dir='ltr'>crebrius,</span> 
     </span>
     <span class='ocr_line' id='line_1_31' title="bbox 365 3513 1134 3622; baseline 0.003 -30"><span class='ocrx_word' id='word_1_177' title='bbox 365 3516 472 3617; x_wconf 67' lang='lat' dir='ltr'>quiin</span> <span class='ocrx_word' id='word_1_178' title='bbox 495 3544 536 3596; x_wconf 75' lang='lat' dir='ltr'>er</span> <span class='ocrx_word' id='word_1_179' title='bbox 560 3544 656 3593; x_wconf 90' lang='lat' dir='ltr'>more</span> <span class='ocrx_word' id='word_1_180' title='bbox 683 3513 885 3619; x_wconf 69' lang='lat' dir='ltr'>principaris</span> <span class='ocrx_word' id='word_1_181' title='bbox 908 3542 973 3622; x_wconf 62' lang='lat' dir='ltr'>⁴pet</span> <span class='ocrx_word' id='word_1_182' title='bbox 997 3515 1134 3594; x_wconf 78' lang='lat' dir='ltr'>nuntior</span> 
     </span>
    </p>
   </div>
   <div class='ocr_carea' id='block_1_4' title="bbox 0 0 1389 4634">
    <p class='ocr_par' dir='ltr' id='par_1_5' title="bbox 0 0 1389 4634">
     <span class='ocr_line' id='line_1_32' title="bbox 0 0 1389 4634; baseline 0 0"><span class='ocrx_word' id='word_1_183' title='bbox 0 0 1389 4634; x_wconf 95' lang='lat' dir='ltr'> </span> 
     </span>
    </p>
   </div>
  </div>
 </body>
</html>
