2767 4634
374 580 575 663 Drnuoous
603 608 647 659 or
671 575 933 662 Oneronrnut.
993 605 1065 685 ¹27

244 751 249 761 .
282 702 333 785 sic
348 704 506 781 Graccho
526 705 714 805 politior&
728 706 880 779 ornatior
900 702 1061 805 Crassus3

287 805 333 879 fic
356 832 500 907 utroque
526 806 712 879 distinfflor
725 863 745 896 ‚A
765 815 801 880 &
818 806 1006 895 urbanior,
1026 818 1063 883 δι

284 907 390 979 altior
400 908 732 1003 Cicer03Cicerone
743 907 862 980 mitior
871 908 1063 999 Corvinus,

284 1016 321 1081 &
335 1007 492 1097 dulcior,
514 1017 551 1083 &
563 1009 601 1081 in
614 1006 725 1082 verbis
737 1008 846 1109 magis
858 1006 1062 1085 elaboratus.

284 1108 359 1183 Nec
381 1134 518 1209 quero,
540 1109 615 1207 quis
637 1106 890 1182 disertiffimust
912 1109 980 1181 hoc
1004 1109 1061 1181 in·

284 1208 386 1282 terim
404 1206 559 1311 probasse
581 1231 763 1282 contentus
781 1206 883 1295 sum,
903 1236 974 1281 non
991 1209 1059 1283 esse

283 1336 390 1383 unum
417 1309 625 1410 eloquentie
649 1308 812 1396 vultum,
841 1307 903 1382 sed
927 1309 1058 1385 inillis

282 1434 448 1579 puoque,
474 1436 561 1509 quos
587 1410 715 1483 vocatis
742 1410 924 1508 antiquos,
946 1408 1057 1508 plures

297 1510 409 1607 peries
432 1509 671 1613 deprehendi3
695 1536 759 1582 nec
778 1508 889 1582 stetim
908 1508 1058 1587 deterius

282 1606 380 1698 effe,
409 1611 504 1709 quod
526 1608 699 1685 diversum
729 1610 803 1683 este
827 1610 912 1683 vitio
937 1635 1055 1685 autern

281 1708 503 1809 malignitatis
532 1712 688 1809 humane
711 1733 827 1783 vetera
854 1707 988 1811 semper
1014 1712 1053 1784 in

280 1808 408 1898 laude,
436 1809 606 1913 presentia
628 1812 664 1883 in
685 1806 819 1882 fastidio
839 1806 916 1883 esse.
954 1810 1052 1887 Num

280 1909 477 1993 dubitamus
506 1912 692 1999 inventos,
725 1909 786 2009 qui
817 1936 879 2013 pro
914 1911 1051 1987 Catone

275 2008 429 2113 Appium
443 2016 584 2086 Caecum
596 2010 706 2113 magis
720 2010 943 2083 mirarentur?
963 2012 1048 2086 Satio

277 2114 404 2192 constat
415 2140 460 2187 ne
473 2112 637 2187 Ciceroni
650 2109 793 2211 quidem
806 2109 1049 2187 obtrectatores

276 2209 439 2301 defuisse,
455 2212 579 2313 quibus
593 2212 743 2301 inflatus,
759 2220 795 2286 &
807 2236 963 2301 tumens,
980 2239 1047 2288 nec

250 2395 255 2399 ‚
273 2310 351 2387 satis
365 2308 509 2413 pressus,
522 2310 583 2387 sed
594 2309 690 2413 supra
701 2310 846 2385 modum
859 2310 1046 2404 exsultans,

273 2423 310 2489 &
324 2411 553 2515 superfluens,
577 2422 613 2488 δι
626 2439 746 2512 parurn
757 2411 891 2486 Atticus
906 2412 1045 2503 videre-

273 2538 342 2595 tur.
369 2514 510 2613 Legistis
529 2514 579 2587 uti
604 2540 647 2587 ue
665 2523 702 2588 δι
715 2512 817 2586 Calvi
832 2512 977 2587 &Bruti
997 2511 1045 2588 ad

271 2613 485 2687 Ciceronem
513 2540 621 2688 missis
647 2611 828 2715 epistolas:
855 2612 1044 2710 exquibus

269 2710 373 2789 facile
387 2714 434 2786 est
446 2713 490 2787 de
514 2714 719 2804 rehendere,
734 2711 885 2808 Calvum
897 2710 1045 2811 quidem

270 2814 433 2888 Ciceroni
452 2742 559 2888 visiun
581 2812 785 2916 exsanguem
803 2822 840 2887 &
858 2812 1043 2903 attritum,

271 2918 415 2988 Brutum
426 2941 542 2990 autem
552 2914 701 2990 otiosum
712 2939 813 3014 atque
824 2912 1044 3014 disjunctum.

270 3014 486 3117 Rursumque
502 3018 715 3092 Ciceronem
732 3044 751 3089 a
767 3014 879 3088 Calvo
898 3014 1045 3115 quidem

269 3115 359 3187 mali
391 3114 583 3206 audivisse,
618 3142 798 3215 tamquam
826 3112 973 3190 solutum
1005 3126 1043 3191 &

269 3242 453 3291 enervem:
469 3244 489 3289 a
500 3220 607 3291 Bruto
618 3242 758 3307 autem,
771 3237 809 3285 ut
820 3213 918 3315 ipsius
931 3216 1044 3290 verbis

253 3339 366 3405 utar,
382 3342 563 3417 tamquam
580 3315 725 3392 stastum
737 3339 839 3415 atque
855 3313 1043 3391 elumbem.

266 3415 305 3488 Si
315 3443 378 3491 me
392 3418 608 3521 interroges,
631 3442 753 3499 ornnes
775 3414 863 3488 mihi
884 3412 1044 3489 videntur

265 3542 388 3613 vetunt
411 3516 543 3613 dixisset
570 3518 639 3594 Sed
657 3544 739 3595 mox
755 3516 799 3591 ad
815 3514 961 3691 {erulos
981 3542 1045 3595 ve·

372 3652 380 3665 ·
570 3660 571 3663 π
870 3644 905 3695 rv
