2767 4634
379 625 431 692 28
497 619 540 692 C.
568 612 1040 701 ConurrnTnotrr
1142 698 1144 701 ,

380 735 495 839 lugere
523 739 702 810 honestum
729 739 804 810 est:
838 728 916 811 viris
938 739 1150 817 'meminili‘el

432 841 596 912 XXVIII.
619 842 715 911 Hac
736 838 774 909 in
795 865 980 929 commune
998 841 1044 914 de
1066 871 1147 915 om-

358 939 479 1026 ·nium
503 941 757 1034 Germanorum
780 937 912 1038 origine
932 943 1152 1016 nemoribus

380 1037 581 1138 accepimus.
623 1040 723 1111 Nunc
755 1037 959 1138 fingularum
989 1043 1147 1139 gentium

378 1138 552 1228 instituta,
575 1138 748 1238 ritusque,
771 1163 935 1235 quatenus
962 1137 1148 1231 differant,

348 1256 350 1262 ‘
376 1247 449 1338 que
462 1239 617 1312 nationes'
628 1267 647 1313 e
661 1236 845 1311 Germanii
858 1238 895 1310 in
906 1237 1033 1314 Gallias
1046 1267 1145 1313 com-

375 1339 425 1410 mi
451 1340 618 1428 raverint‚
641 1337 834 1438 expediamss'
850 1338 1144 1422 Validioresolim

374 1366 554 1510 Gailorum
583 1465 633 1512 res
664 1437 761 1512 fuisse
787 1437 938 1512 summus
965 1444 1143 1515 auctorum
1198 1491 1200 1495 -

372 1537 471 1611 divus
484 1538 592 1616 Julius
611 1539 736 1612 tradit:
760 1538 869 1637 eoque
885 1537 1048 1613 credibile
1064 1543 1110 1613 est
1127 1599 1140 1632 ,

372 1639 478 1713 etiam
492 1638 613 1712 Gallos⁴
623 1640 659 1710 in
674 1641 899 1712 Germaniam
916 1638 1141 1741 transgrelsos.

370 1737 587 1833 Quantulum
609 1741 704 1814 enim
724 1740 833 1814 amnis
852 1739 1028 1828 obstabat,
1051 1767 1141 1840 quo-

368 1841 504 1930 minus,
524 1865 561 1914 ut
573 1867 714 1940 quaeque
727 1868 810 1942 gens
824 1838 1017 1933 maluerat,
1041 1868 1142 1914 occu-

368 1964 463 2043 parer
496 1965 771 2043 permutaretque
804 1939 897 2012 sedes
931 1938 1140 2039 promiscuas

285 2119 286 2122 Ἴ
367 2039 502 2127 adhue,
527 2049 563 2112 &
585 2039 677 2111 nulli
699 2042 882 2136 regnorum
906 2037 1059 2136 potentii
1079 2040 1138 2113 di.

365 2129 475 2212 iisas?
500 2139 606 2238 Igitur
637 2139 726 2210 inter
755 2136 960 2232 Hercyniam
989 2137 1136 2230 srlvam,

363 2237 1134 2338 Rhenumque&Moenumamnes,Helverii‚

362 2337 523 2412 ulteriora
554 2337 659 2427 Boii,
690 2336 823 2409 Gallica
850 2362 992 2441 utraque
1024 2366 1133 2438 gens,

363 2455 514 2511 tenuere.
550 2438 674 2512 Manet
696 2437 807 2511 adhuc
827 2441 957 2511 Boiemi
979 2466 1133 2531 nornen,

306 2552 312 2558 '
361 2535 592 2639 fignificatque
621 2537 688 2610 loci
718 2562 870 2612 veterem
900 2538 1131 2630 memoriam,

361 2639 677 2812 guamvissmuratis
699 2639 894 2714 cultoribus,
926 2637 992 2712 Sed
1014 2638 1132 2714 utrtim

398 2737 512 2812 ravisci
528 2740 565 2809 in
578 2743 789 2817 Pannoniam
803 2738 845 2805 ab
858 2736 936 2805 ons
950 2787 961 2821 ,
981 2737 1133 2810 Germa-'

359 2849 485 2908 norum
502 2829 666 2920 natione,
688 2861 732 2903 an
752 2831 814 2903 Osr
837 2831 880 2900 ab
900 2830 1067 2904 Araviscis
1088 2837 1130 2912 in

341 2997 342 3000 ,
360 2933 584 3018 Germaniam
604 2928 932 3028 commigraverint,
962 2929 1042 3002 crim
1065 2960 1129 3007 eo-

360 3034 442 3108 dem
455 3032 565 3104 adhuc
578 3026 753 3115 sermone,
770 3028 954 3117 institutis,
973 3032 1131 3110 moribus⁴

277 3152 286 3162 '
358 3156 519 3220 urantur,
542 3131 712 3203 incertum
732 3130 806 3202 est:
831 3130 911 3228 quia
937 3132 1009 3230 pari
1036 3132 1124 3211 olim

357 3230 473 3333 inopii
486 3253 522 3304 ac
537 3230 691 3304 libertate
701 3229 847 3318 ‚eadem
862 3229 1032 3328 utriusque
1045 3236 1125 3337 ripae

356 3333 448 3406 bona
466 3329 622 3429 malaque
647 3330 763 3402 erant.'
786 3330 929 3402 Treveri
950 3334 1123 3429 &Nervii

355 3433 442 3505 eirca
468 3425 720 3515 affeemrionem
742 3430 953 3501 Germanicae
979 3432 1121 3530 originis
1210 3451 1213 3458 '

355 3523 446 3645 ultro
463 3528 742 3621 ambitiostsunt,
762 3553 938 3630 tamquam
956 3557 1016 3633 per
1029 3530 1119 3641 hang
