2767 4634
434 529 848 610 Gonnnntn
977 563 1030 639 η

247 653 287 732 ‘nt
299 653 395 730 intet
412 651 602 728 vinolentos
617 654 717 742 rixae,
737 657 812 727 tatb
836 655 1023 752 conviciis,

247 755 370 856 stepilts
395 755 483 828 caede
508 763 545 826 δι
569 754 764 827 vulneribus
788 757 1024 856 tranfiguntur.

244 855 418 931 Sed&de
428 851 689 928 reconciliandis
699 855 1025 952 inviceminimicis,

246 967 285 1032 δε
295 955 480 1058 jungendis
490 953 722 1030 adfinitatibus
729 1012 742 1044 ,
755 965 792 1029 &
801 955 1023 1035 adsciscendis

245 1056 481 1156 principibus,
509 1052 553 1126 de
579 1081 662 1153 pace
689 1054 839 1153 denique
862 1087 902 1130 ac
925 1059 1021 1134 bello
1065 1131 1070 1144 ,

245 1156 451 1258 plerumque
468 1157 506 1227 in
520 1157 682 1228 conviviis
697 1154 909 1234 consultant:
932 1186 1021 1234 tam.

244 1284 351 1355 quam
368 1255 467 1328 nullo
485 1255 594 1355 magis
617 1279 775 1356 tempore
795 1281 853 1329 aut
872 1257 917 1330 ad
937 1258 1021 1334 fim-

244 1356 349 1456 plices
361 1356 715 1458 cogitationes'pate'at
728 1357 884 1446 animus,
904 1361 1022 1435 autad

241 1482 386 1556 magnas
399 1453 587 1530 incalescat.
612 1460 708 1530 Gens
719 1483 792 1529 non
806 1459 932 1547 astuta,
952 1469 1020 1535 n'ec

241 1556 391 1646 callida,
417 1557 526 1656 aperit
555 1555 666 1628 adhuc
693 1555 822 1631 secreta
846 1561 1019 1658 pedone,

239 1657 465 1757 licentistjoci.
474 1659 563 1757 Ergo
571 1654 749 1730 detecta&
757 1657 1020 1734 nudaomnium

241 1785 371 1844 mens,
393 1755 519 1857 posteri
538 1756 598 1828 die
619 1761 843 1856 tetradiam
872 1769 908 1831 δι
929 1757 1021 1834 salva

240 1855 419 1956 utriusque
435 1854 596 1958 temporis
610 1857 699 1928 ratio
715 1858 772 1929 est.
793 1854 1019 1950 Deliberant,

240 1957 327 2034 dom
343 1957 474 2059 fingere
486 1954 665 2031 nesciunt:
688 1955 914 2047 constituunt,
929 1959 1017 2034 dum

239 2073 350 2134 e'trate
365 2087 437 2130 non
453 2053 599 2158 possunt.

291 2161 429 2234 XXlll.
450 2163 568 2232 Potui
592 2157 718 2228 humor
741 2183 782 2229 ex
799 2155 930 2231 hordeo
952 2185 1013 2235 aut
1106 2196 1112 2204 ·

237 2259 443 2347 frumento,
476 2259 514 2330 in
539 2257 728 2357 quamdam
749 2255 1012 2334 similitudinem

236 2361 309 2435 vini
331 2383 521 2460 corruptus.
551 2357 702 2430 Ptoximi
726 2357 805 2458 tipae
830 2370 867 2432 &
890 2359 1013 2433 vinum

237 2485 446 2535 mercantur.
455 2457 537 2530 Cibi
545 2454 880 2556 fimpliceszagtestia
887 2485 1011 2558 poma,

236 2586 362 2634 recens
387 2558 489 2642 feta,
517 2583 573 2630 aut
600 2557 650 2632 lac
681 2583 892 2630 concretum.
929 2561 1010 2633 Sine

237 2681 437 2762 apparatu,
471 2653 539 2728 fine
566 2655 809 2730 blandimentis
837 2655 1012 2753 expellunt

238 2759 383 2834 samem.
394 2753 565 2830 Adversas
576 2755 685 2844 sitim,
701 2783 773 2826 non
784 2755 907 2828 eadem
921 2780 1012 2828 tem·

238 2858 401 2963 perantia.
425 2857 460 2929 Si
481 2855 659 2930 indulseris
680 2854 860 2942 ebrietati,
887 2853 1009 2956 sugge·

238 2958 346 3034 tendo
366 2981 535 3055 quantum
547 2955 812 3057 concupiscunt,
831 2953 923 3027 haud
939 2956 1009 3028 mi-

239 3059 299 3134 nias
316 3056 416 3130 facile
432 3057 549 3144 vitiis,
575 3057 681 3155 qudm
700 3057 801 3128 armis
819 3056 1008 3130 vincentur.

290 3157 426 3233 XXIV.
450 3160 574 3230 Genus
595 3153 1011 3257 spestaculotum‘unum,

237 3285 338 3357 atque
352 3257 390 3328 in
403 3255 503 3327 omni
516 3281 607 3328 coetu
620 3255 726 3328 idem.
743 3254 838 3327 Nudi
848 3263 1007 3354 juvenes,

263 3357 360 3430 uibus
386 3355 424 3432 id
451 3353 624 3428 ludicrum
651 3357 727 3442 est,
757 3355 847 3426 inter
875 3352 1008 3454 gladios

235 3387 291 3552 se,
312 3479 414 3555 atque
427 3451 565 3532 infestas
579 3452 746 3558 stanneos,
768 3452 854 3528 saltu
866 3454 1007 3549 jaciunt.

320 3561 415 3634 Tom.
448 3557 514 3633 VI.
862 3555 894 3626 B
