2767 4634
350 632 428 703 ‘142
468 608 528 681 .(3.
554 604 813 678 Continui
843 599 1028 695 Tnctfu,

353 732 410 806 Sic
421 722 1122 812 CorneliamGtacchotum,licAuteliant

353 827 515 913 Calatis,
533 822 576 896 stc
589 823 709 897 Atiam
720 822 864 924 Augusti
880 850 1028 899 matrem
1040 854 1120 929 Ρη.

353 924 450 1007 fuilse
466 923 746 1011 educationibus,
769 951 808 995 ac
821 924 1010 1025 produxille
1025 929 1119 1028 ptin-

278 1070 280 1073 -
351 1031 445 1132 cipes
467 1024 591 1098 liberos
613 1024 825 1123 accepimus:
847 1050 921 1123 quae
942 1025 1119 1128 disciplina

351 1158 391 1204 ac
416 1126 572 1201 severitas
597 1128 639 1199 eb
664 1124 879 1223 pertinebat,
906 1148 944 1199 ut
968 1125 1094 1201 finceta
1106 1185 1119 1219 ,

349 1239 388 1305 δι
399 1229 550 1327 integra,
568 1234 603 1299 δε
619 1224 719 1299 nullis
731 1224 948 1323 pravitatibus
962 1226 1118 1319 detorta,

244 1326 250 1347 ⁸
348 1325 606 1428 uniuscujusque
625 1350 744 1399 natura
758 1349 833 1401 toto
853 1326 964 1397 statim
982 1332 1118 1429 pellote

350 1430 511 1531 attipetet
527 1450 612 1502 artes
636 1426 811 1514 honestas,
834 1435 872 1503 δε
886 1425 952 1500 five
974 1426 1018 1500 ad
1040 1454 1116 1504 tem

348 1530 560 1617 militatem,
583 1525 650 1601 sive
666 1526 712 1599 ad
726 1527 810 1626 juris
822 1523 1023 1617 scientiam,
1048 1528 1117 1603 five

346 1631 393 1706 ad
407 1628 608 1731 eloquentia
619 1627 767 1701 studium
780 1624 990 1715 inclinallet,
1008 1628 1045 1702 id
1059 1628 1116 1703 so-

348 1731 425 1812 lum
443 1755 558 1833 ageret
570 1724 638 1819 :id
654 1725 846 1804 universum
861 1727 1020 1804 hauriret.

403 1832 537 1909 XXIX.
561 1828 617 1907 Ατ
630 1854 721 1907 nunc
740 1852 837 1901 natus
848 1826 961 1903 infans
974 1827 1113 1930 delega-
1173 1917 1182 1937 χ

236 1947 238 1953 ’
344 1929 568 2009 tuthtcculae
579 1928 678 2001 alicui
687 1928 838 2015 ancilla,
854 1929 1112 2029 cuiadjungitut

346 2058 432 2109 unus
444 2056 501 2106 aut
513 2030 597 2108 altct
609 2054 649 2100 ex
658 2028 818 2101 omnibus
831 2026 951 2115 servis,
965 2029 1113 2126 pletum·

343 2158 413 2232 que
427 2128 598 2204 viliffimus
613 2182 624 2213 ,
643 2152 706 2197 nec
721 2126 881 2224 cuiquam
893 2126 979 2199 serio
993 2128 1113 2201 minis-

335 2231 430 2310 tenio
448 2224 734 2305 accommodatus.
769 2229 903 2300 Horum
926 2224 1049 2302 fabulis
1073 2239 1111 2305 δε

342 2330 514 2413 actoribus
542 2324 650 2403 teneri
675 2323 788 2403 statim
813 2335 849 2404 &
875 2326 974 2401 rudes
1001 2329 1109 2402 animi

341 2431 555 2523 imbuuntur.
582 2428 616 2499 N
618 2454 655 2501 ec
669 2426 849 2525 quisquam
863 2426 900 2499 in
914 2429 986 2502 tota
1002 2429 1110 2506 domo

340 2532 435 2637 penst
445 2526 663 2627 habet,quid
672 2554 788 2599 coram
800 2525 930 2603 infante
942 2530 1108 2619 domino,

338 2659 400 2710 aut
414 2634 527 2721 dicat,
546 2654 604 2704 aut
618 2626 742 2703 faciat:
767 2628 906 2728 quando
926 2633 1030 2705 etiam
1048 2630 1108 2732 ipsi

337 2760 493 2837 patentes
508 2760 570 2805 nec
589 2730 771 2831 probitati,
788 2757 899 2829 neque
914 2731 1106 2819 modestia,

365 2833 495 2909 arvulos
509 2827 762 2917 adsuefaciunt,
789 2826 846 2901 sed
861 2827 999 2901 lasciviae
1013 2840 1048 2902 &
1065 2829 1107 2901 li-

338 2864 488 3029 bettati3
510 2958 569 3031 pet
595 2956 667 3029 quae
693 2925 867 3029 paullatim
890 2927 1106 3028 impude'ntia

335 3035 472 3134 ittepit,
494 3042 530 3105 &
541 3028 590 3103 sui
604 3028 774 3128 alienique
787 3050 1011 3128 contemptus.
1023 3031 1103 3107 Jam

335 3136 418 3207 verb
448 3131 581 3235 propria
608 3140 643 3205 &
663 3125 846 3231 peculiatia
870 3126 968 3228 hujus
997 3131 1102 3218 Urbis

326 3233 420 3307 uitia
442 3260 533 3336 paene
553 3234 587 3307 in
609 3256 705 3304 utero
723 3226 838 3299 matris
859 3230 992 3332 concipi
1014 3233 1102 3305 milti
1174 3244 1178 3248 ’

335 3334 516 3421 videntur,
540 3328 738 3403 histrionalis
762 3323 886 3417 favor,
911 3338 947 3403 &
973 3330 1100 3432 gladia.

325 3458 451 3507 ·totum
468 3454 703 3533 equorumque
718 3425 845 3499 studia}
863 3429 985 3528 quibus
1001 3460 1099 3507 occu·

331 3560 428 3641 patus
446 3546 482 3614 &
499 3527 645 3609 obsessus
660 3526 793 3604 auximus
809 3530 1011 3633 quantulum
1025 3532 1096 3609 loci
