2767 4634
399 551 598 627 Dmnouus
624 570 667 621 na
693 543 958 622 Onntomnns.
1017 574 1083 645 ¹3¹

310 696 461 760 tenete,
484 696 547 743 nec
560 693 667 740 unum
682 664 727 739 de
743 665 871 769 populo
883 670 1015 743 Canuti
1027 699 1086 747 aut

312 772 426 847 Aride
441 769 562 845 Furnio
575 777 611 843 &
623 768 837 867 Toranio‚q
862 768 870 782 ’
898 781 943 844 ue*
951 771 1035 845 alios
1047 773 1085 849 in

311 873 443 947 eodem
475 866 724 944 valetudinario
747 869 817 940 hac
843 897 866 941 o
891 898 912 942 a
936 880 973 945 δι
995 872 1085 948 hanc

312 974 462 1047 maciem
476 969 633 1071 probant.
653 966 725 1067 lpse
736 968 824 1041 mihi
836 968 985 1061 Calvus,
1002 972 1085 1047 cunt

313 1100 423 1147 unum
446 1081 483 1147 δι
509 1069 655 1171 viginti,
678 1093 719 1141 ut
743 1094 853 1169 puto,
876 1070 980 1145 libros
1003 1073 1086 1147 reli-

340 1174 426 1247 uerit
439 1229 450 1261 ,
473 1170 530 1245 vix
543 1172 581 1241 in
598 1167 665 1242 und
682 1192 740 1241 aut
756 1168 861 1243 alteri
874 1173 1085 1248 oratiunculi

313 1202 497 1347 satisfacit:
519 1298 583 1343 nec
606 1268 778 1343 dissentire
802 1295 932 1345 ceteros
952 1273 995 1346 ab
1016 1276 1084 1351 hoc

314 1402 394 1449 meo
405 1371 535 1472 judicio
548 1369 651 1444 video
668 1399 677 1441 t
695 1394 820 1467 quotus
833 1374 928 1445 enim
941 1372 1084 1475 quisque

314 1474 417 1547 Calvi
435 1474 472 1545 in
488 1470 661 1560 Asitium,
683 1468 741 1543 aut
756 1470 793 1543 in
806 1471 958 1545 Drusum
972 1474 1084 1576 legit?
1122 1484 1128 1492 '

312 1600 350 1647 at
364 1572 500 1647 hercule
514 1572 551 1643 in
568 1571 752 1645 hominum
764 1571 989 1647 studiosorum
1007 1602 1084 1648 ma-

313 1674 416 1747 nibus
446 1671 616 1747 versantur
644 1669 903 1761 accusationes,
939 1701 1013 1773 quae
1047 1675 1087 1750 itt

209 1802 215 1807 ·
314 1772 498 1851 Vatinium
517 1770 770 1861 inscribuntur,
793 1800 832 1844 ac
852 1775 1015 1876 ptaecipud
1035 1772 1087 1850 se·

311 1875 425 1949 cunda
433 1872 729 1949 exhisotatiozest
736 1871 831 1945 enim
838 1874 1086 1966 vetbicotnata,

311 1984 350 2051 δε
368 1974 543 2051 sententiis
559 1972 695 2047 autibus
713 1972 869 2073 judicum
887 2004 1085 2051 accommo-

313 2076 393 2150 data
407 2105 416 2148 t
435 2101 473 2148 ut
490 2074 572 2147 scias
586 2072 697 2176 ipsum
713 2102 852 2175 quoque
864 2076 1014 2161 Calvum
1032 2079 1084 2153 in-

314 2173 474 2253 tellexisse
491 2173 577 2277 quid
591 2174 713 2248 melius
727 2171 830 2265 esset,
849 2204 912 2250 nec
926 2178 1083 2252 volunta·

312 2300 385 2351 tem
410 2277 496 2377 quin
523 2272 702 2348 sublimius
721 2285 760 2350 δι
778 2276 900 2351 cultius
924 2278 1083 2366 diceret,

307 2375 429 2453 sedin
452 2376 572 2463 eninm
596 2403 634 2449 ac
658 2376 745 2450 vires
771 2374 924 2450 defuisse.
957 2377 1082 2469 Quid?

310 2406 536 2553 exceliens
554 2475 788 2550 orationibus?
805 2503 931 2579 nempe
940 2477 995 2562 ¹hae
1010 2475 1084 2578 pla-

312 2602 418 2665 cent,
439 2574 464 2647 su
478 2603 547 2649 non
560 2575 719 2651 universe
733 2632 746 2664 ‚
766 2601 800 2649 at
816 2602 926 2677 partes
940 2602 1057 2649 earum
1071 2632 1085 2666 ,

310 2678 351 2751 in
371 2676 493 2779 quibus
511 2677 659 2752 nitorem
673 2674 942 2751 &altitudinem
959 2676 1084 2751 horum

312 2802 509 2879 temporum
520 2776 744 2879 agnoscimus.
752 2771 875 2854 Sordes
884 2801 1000 2850 autem
1010 2800 1085 2849 vet·

280 2960 284 2971 ¹
314 2878 457 2967 borum,
472 2887 508 2953 &
523 2878 619 2953 hians
630 2876 852 2981 compositio,
864 2887 902 2953 dc
914 2876 1085 2952 inconditi

313 2976 424 3052 sensus
437 2978 594 3053 redolent
608 2980 867 3079 antiquitatem:
882 3004 953 3053 nec
959 3004 1085 3077 quem-

273 3140 283 3151 ,
314 3105 419 3178 quam
428 3076 515 3151 adeo
527 3078 756 3179 antiquarium
766 3104 916 3179 puto‚ut
928 3078 1084 3153 Coelium

314 3206 356 3252 ex
381 3177 422 3250 ed
469 3202 539 3252 arte
565 3180 715 3267 laudet,
747 3176 815 3277 qud
843 3180 1000 3277 antiquus
1025 3180 1084 3253 est.

314 3206 556 3352 concedamus
570 3279 647 3355 sant
664 3280 708 3353 C.
722 3275 867 3367 Casani,
889 3302 928 3352 ut
947 3302 1085 3379 propter

315 3379 594 3493 magnitudinem
629 3380 877 3481 cogitationum
910 3388 961 3453 δι·
982 3402 1087 3452 occu·-

315 3504 471 3581 panones
503 3506 649 3583 tetum,
682 3480 797 3556 minus
822 3481 859 3554 in
875 3476 1087 3653 Feloquendi

917 3608 949 3683 vl
