2767 4634
393 611 739 690 Germanorum
768 606 918 679 Norat
983 580 1059 707 i45=

284 729 362 788 enim
380 726 509 788 bumiliu's
529 726 583 788 suit
602 725 658 786 hoc
675 725 822 784 hominurn
843 744 953 806 genus,
974 721 1052 786 tantb

284 807 325 864 est
341 805 491 884 superbius.
515 804 672 877 Eamdetn,
692 824 738 864 aut
793 802 864 877 titis,
885 802 923 861 ob
938 805 1052 883 imperii

285 904 334 946 ma
355 885 528 959 nitudinem,
551 882 715 944 immensam
730 885 750 941 li
785 901 890 953 trorum
905 879 1050 942 libidinem

283 903 558 1043 subimpetatoribus
575 961 719 1036 Claudio,
738 960 872 1035 Nerone,
893 957 986 1020 Galba
1004 963 1050 1020 vi-

282 1037 383 1180 {intua
395 1041 482 1184 §gfdc
501 1050 528 1101 δι
547 1042 593 1104 el.
610 1041 644 1102 de
662 1039 879 1123 Montesquieu,
895 1036 988 1118 Effirit
999 1037 1049 1100 det
1065 1047 1069 1053 ’

311 1140 356 1180 ozx
494 1143 504 1180 r
531 1164 539 1181 .
561 1144 564 1150 ·
599 1173 603 1182 .

301 1265 305 1272 ¹
324 1143 593 1292 Ingenuos'trbper
604 1197 717 1260 nobiles.
730 1195 789 1257 Hic
797 1196 919 1256 videmus
929 1206 1063 1278 quatuor

281 1274 474 1338 conditionum
483 1277 509 1337 d'
524 1281 640 1338 crimina
651 1277 760 1335 nobiles
771 1297 889 1356 nempe,
899 1278 1048 1355 ingenuos,

278 1355 443 1434 libertinos,
465 1356 566 1418 servos.
597 1353 717 1417 Nobiles
739 1374 865 1434 genere,
889 1353 1044 1434 dignitate,

280 1437 440 1496 muneribus
455 1434 662 1515 praecellebant.
687 1427 807 1512 Ingenui
822 1433 931 1512 origine
945 1433 1047 1512 stirpe-

278 1533 334 1597 que
346 1515 445 1586 liberi,
464 1533 492 1572 at
514 1533 548 1572 ue
562 1515 663 1586 etiam,
679 1508 744 1570 edm
756 1511 854 1590 postea
865 1510 1047 1592 exigebantur

279 1587 400 1666 tributa,
423 1613 441 1650 a
465 1533 568 1650 tributis
589 1594 738 1650 immunes.
775 1589 850 1652 Vide
871 1587 1044 1670 Gregorium

277 1667 473 1730 Turonensetn
482 1669 556 1744 Vll,
575 1661 858 1750 15.Libertini,-qui,
872 1668 948 1747 pride
962 1665 1045 1744 servi,

278 1746 388 1808 fuerant
398 1745 568 1807 manumisi:
580 1747 708 1808 nondum
719 1767 811 1807 tamen
822 1766 901 1806 erant
909 1749 1044 1839 ingenui,

277 1822 324 1886 sed
334 1823 454 1886 libertini
466 1824 590 1902 tantdm,
609 1835 637 1885 δι
650 1827 831 1886 libertinitatis
843 1823 979 1906 obsequiis
992 1826 1044 1886 ‹le-
1062 1857 1066 1862 ’

276 1907 375 1966 νὶιιᾶἰ.
391 1903 468 1965 Servi
480 1924 572 1966 autem
582 1952 591 1980 ,
603 1903 666 1965 licit
679 1898 794 1980 coloni,
808 1902 873 1963 etim
884 1925 944 1962 non
956 1902 1042 1965 essent

277 1981 415 2062 suijuris,
435 1974 481 2044 sed
502 1985 598 2045 aliena
619 1985 779 2064 potestatis,
798 1981 862 2044 vere
877 1980 1041 2048 serviebant.

275 2062 329 2123 lua
353 2063 546 2139 conditionum
567 2061 705 2124 divetfitas
727 2060 798 2142 sape
820 2081 990 2122 memoratur
1007 2066 1040 2123 in

274 2142 409 2203 veteribus
421 2141 628 2204 Germanorum
642 2143 669 2202 le
690 2141 760 2202 ibus.
782 2139 853 2200 Eam
868 2161 982 2224 quoque
997 2147 1040 2202 vi-

273 2219 339 2281 dere
352 2223 390 2282 est
403 2221 479 2303 apud
491 2222 632 2284 Saxonem
646 2163 870 2284 §itomanam
884 2223 915 2316 in
930 2221 1040 2303 legibus

271 2297 442 2376 Frothonis,
461 2300 611 2362 Danorum
625 2305 718 2383 regis,
732 2322 807 2392 'quas
819 2298 933 2439 egrggtb
945 2302 1040 2379 expli-

896 2399 904 2437 ι

855 2382 862 2404 2

216 2429 219 2436 ,
273 2381 346 2443 eavit
367 2378 414 2440 Cl.
438 2377 557 2452 Malloi,
585 2378 774 2443 Introduiiron
800 2384 817 2438 d
926 2377 983 2437 oire
1005 2377 1041 2438 de

271 2455 477 2532 Danemartlt,
498 2477 565 2537 pag.
581 2478 646 2516 ιιι.
671 2456 828 2534 Quomodo
845 2474 937 2515 autem
957 2455 1039 2536 quis,

191 2587 194 2592 .
270 2556 332 2595 non
353 2554 431 2608 natus
450 2537 588 2615 ingenuus
606 2538 636 2594 in
658 2536 858 2616 ingenuitatem
880 2531 1038 2596 assereretur

258 2615 374 2675 docent
384 2631 487 2678 veteres
498 2611 656 2686 Formulae,
672 2611 799 2672 Formul.
813 2611 889 2685 XII,
905 2613 940 2672 de
950 2612 1038 2693 inge-

268 2695 396 2755 nuitate..
416 2689 476 2774 Qui
493 2689 612 2753 debitum
623 2689 680 2772 fibi
720 2711 801 2751 ertum
817 2689 930 2750 relaxat
939 2689 1038 2768 servi-

270 2773 361 2846 rium,
384 2769 415 2832 in
429 2769 527 2846 futuro
547 2768 622 2846 apud
641 2713 797 2831 Dotbirtum
806 2767 865 2851 fibi
885 2767 1037 2830 retribuere

271 2849 400 2930 confidat.
428 2847 521 2940 igitur
536 2870 586 2932 ego
604 2849 635 2911 in
651 2848 714 2924 Dei
729 2847 838 2910 nomine
857 2846 905 2908 iiie
920 2847 963 2912 N.
984 2867 1035 2924 pto

268 2925 385 2991 remedio
405 2947 506 2990 anima
526 2947 618 3005 mete,
641 2927 686 2990 vel
706 2929 814 2990 aerernd
833 2925 1044 3001 retributione,

259 3009 373 3089 ,servum
385 3007 459 3086 juris
474 3008 526 3068 mei
544 3007 654 3068 nomine
671 3005 748 3069 iilum
763 3006 805 3070 N.
818 3005 847 3066 itt
870 3006 1035 3163 enuamffeffe

265 3086 421 3164 precipio,
448 3083 478 3144 [t
503 3086 533 3143 itt
547 3084 722 3161 sacrosaneid
745 3027 870 3164 Ecciefii
892 3083 1035 3163 beatitati

269 3161 369 3228 Sanni
384 3159 460 3221 iilius
474 3160 517 3222 N.
524 3160 577 3239 J'ttb
594 3161 919 3239 prosemidsacerdorttm
931 3163 1034 3224 ibidem

268 3239 467 3324 tonfistentium
483 3255 548 3298 ante
567 3257 651 3298 cornu
666 3237 770 3299 altaris
782 3237 816 3299 ob
832 3239 904 3299 omni
921 3240 1033 3303 uinculo

257 3317 407 3405 servitutis
421 3337 481 3399 eum
494 3315 610 3396 absolvo.
630 3315 677 3376 Ita
689 3334 721 3377 ur
731 3314 882 3392 deinceps,
901 3333 1033 3398 tanquam

249 3401 290 3485 *fi
308 3397 344 3460 ab
365 3394 494 3478 ingenuis
511 3394 676 3471 parentibus
685 3394 779 3478 fuisset
798 3412 885 3456 natus
901 3394 947 3456 vti
965 3418 1033 3474 pro-2

169 3540 172 3551 ,
267 3495 396 3546 crearas,
415 3491 481 3549 eat,
501 3492 597 3556 pergat
605 3493 716 3549 partem
730 3493 812 3556 quam
826 3472 975 3552 moluerit,
1000 3475 1032 3537 ὓ*

255 3557 334 3648 fitur
352 3553 403 3642 alii
424 3552 499 3616 cives
516 3553 636 3618 Romani
654 3555 743 3636 airam
766 3553 850 3617 datar
872 3551 1034 3634 ingenuam.

820 3627 930 3711 'Liij
