2767 4634
387 556 584 637 Drntoous
608 582 652 629 ua
676 555 940 635 Ounromuus.
999 588 1069 659 107

298 706 419 783 poetas
438 678 657 768 intermittis,
676 687 712 752 &
728 707 818 781 ego,
836 682 892 754 cui
905 679 1071 760 defidinm

300 780 566 855 advocationum
580 778 701 877 objicis
711 835 723 867 ,
744 781 984 879 quotidianum
1003 785 1070 859 hoc

298 880 527 984 patrocinium
538 876 764 952 defendenda
774 879 932 955 adversus
944 908 978 957 te
988 912 1072 985 poe-

297 983 373 1053 ticae
389 1002 540 1077 exerceo.
561 980 643 1071 Quo
657 978 750 1051 laetor
763 1007 820 1053 ma
843 983 895 1071 is,
913 982 1072 1080 oblatum
1145 1015 1149 1022 “

299 1080 400 1153 nobis
420 1078 596 1178 judicem,
622 1079 682 1178 qui
702 1106 761 1153 me
780 1010 843 1155 vei
855 1083 892 1173 in
914 1080 1071 1160 futurum

299 1205 393 1257 vetet
404 1176 517 1253 versus
527 1174 854 1278 facere,vel‚quod
862 1184 1071 1285 jampridem

301 1306 405 1382 opto,
427 1277 485 1351 sud
525 1304 638 1377 uoque
654 1282 852 1357 audomare
866 1284 1071 1383 compellat,

299 1407 339 1457 ut
354 1377 479 1451 omissis
496 1306 680 1451 {reustum
698 1378 1070 1484 causarumangustiis,
1097 1382 1100 1389 ’

300 1482 339 1555 in
363 1479 486 1579 quibus
511 1476 589 1551 satis
616 1479 705 1551 mihi
725 1475 890 1582 superque
911 1481 1072 1567 sudatum

301 1583 368 1670 est,
382 1577 584 1651 sanctiorem
598 1578 695 1653 istam
706 1590 742 1657 δι
754 1575 981 1683 angustiorem
996 1583 1071 1659 elo-

304 1680 481 1781 quentiam
504 1678 627 1753 colam.
733 1748 737 1760 ,

356 1780 402 1857 V.
422 1782 495 1853 Eoo
510 1782 616 1868 verb,
638 1777 752 1877 inquit
766 1784 959 1869 Secundus,
977 1805 1071 1870 unte-⁸

300 1879 407 1981 quam
417 1879 634 1977 mejudicem
643 1878 738 1977 Aper
746 1878 902 1974 recusa,
922 1879 1069 1972 faciam,

300 1980 395 2081 quod
407 1980 505 2083 probi
518 1990 554 2055 &
567 1978 712 2081 modesti
726 1979 859 2077 judices
876 1978 1011 2071 solent,
1031 2007 1070 2056 ut

201 2136 210 2153 .
299 2080 397 2155 inhis
407 2080 658 2180 cognitionibus
667 2076 702 2151 se
712 2078 886 2170 excusent,
899 2082 1069 2182 inquibus
1156 2107 1159 2110 ‘

301 2179 519 2255 manifestum
531 2182 597 2269 est,
608 2178 750 2253 alteram
763 2181 853 2281 apud
864 2208 922 2256 eos
934 2209 1070 2297 partem

301 2279 610 2384 gratid‘praevalere.
641 2279 729 2372 Quis
746 2282 841 2355 enim
862 2282 988 2370 nescir,
1009 2310 1070 2355 ne-

297 2383 432 2457 minem
456 2379 837 2476 mihiconjunstiorem
857 2380 923 2454 effe
945 2392 981 2457 &
1006 2379 1068 2480 usu

300 2482 493 2567 amicitia,
526 2489 561 2554 ὃ(
592 2478 791 2555 adsiduitate
823 2480 1069 2563 contubernii„

304 2580 411 2681 qudm
430 2572 579 2653 ‘Saleium
601 2578 733 2652 Bassum
752 2637 766 2668 ,
789 2580 869 2652 cirm
895 2582 1068 2679 optimum

304 2682 455 2767 virum,
490 2704 561 2752 tum
593 2676 872 2753 absolutiffimum
905 2684 1071 2780 poetam?

303 2806 408 2884 porro
429 2778 454 2852 fi
478 2779 611 2881 poetica
636 2776 805 2853 accusatur
821 2835 840 2867 ,.
862 2806 933 2851 non
964 2778 1072 2853 alium

305 2879 409 2955 video
429 2907 527 2954 reum
548 2878 819 2980 locupletiorem.
845 2880 904 2953 Sec
947 2905 984 2953 us
1005 2874 1073 2968 stt,
1172 2973 1174 2975 q

301 2981 417 3081 inquit
433 2981 549 3077 Aper,
575 2989 610 3053 δι
626 2979 750 3053 Saleius
766 2978 878 3053 Baffus
890 2905 961 3070 ,ἱ
980 2977 1073 3079 quis-

305 3082 378 3181 quis
400 3080 484 3153 alius
501 3078 648 3152 studium
667 3080 805 3178 poeticae
825 3091 861 3153 &
881 3080 1073 3153 carminum

306 3180 452 3283 gloriam
481 3176 602 3267 fovet,
635 3176 715 3251 cum
743 3175 851 3251 causas
877 3206 976 3277 agere
1002 3207 1075 3252 non

331 3279 414 3353 offit.
432 3282 506 3379 Ego
519 3279 613 3353 enim
625 3335 636 3367 ,
650 3302 815 3377 quatenus
829 3276 993 3351 arbitrum
1006 3278 1075 3352 litis
1097 3302 1101 3310 ·

307 3310 408 3472 iuius
435 3378 585 3467 inveni,
610 3406 681 3451 non
714 3378 844 3479 patiar,
873 3377 1077 3451 Maternum

307 3477 468 3559 societate
482 3478 633 3597 plurium
647 3476 811 3561 defendi:
833 3474 893 3658 se}
911 3487 948 3553 &
966 3468 1076 3580 ipfilffl.

635 3618 643 3635 .
917 3604 952 3681 vl
