2767 4634
371 581 422 652 24
487 556 1027 651 C.Connrr11TAc1r1

371 677 499 784 patris,
521 672 580 749 seu
606 673 812 776 propinqui,
840 677 946 775 quim
973 680 1140 757 amicitias

370 775 501 854 neceffe
534 777 615 849 est:
653 802 718 849 nec
745 776 976 878 implacabiles
1004 783 1139 857 durant.

371 881 492 956 Luitur
521 876 615 950 enim
647 878 752 950 etiam
782 877 1011 953 homicidium
1043 908 1138 956 certo

267 972 270 984 ¹
369 1003 604 1068 armentorum
619 1006 656 1050 ac
676 996 837 1078 pecorum
854 1007 1024 1068 numero,
1052 984 1153 1067 recia

366 1082 485 1184 pitque
512 1075 777 1154 satisfactionem
804 1080 956 1156 universa
985 1081 1138 1157 domust

367 1183 496 1256 utiliter
508 1181 544 1254 in
557 1181 734 1281 publicum
748 1211 759 1279 3
784 1183 865 1283 quia
884 1181 1139 1284 periculosiores

363 1280 440 1356 sunt
456 1282 641 1356 inimicitiae
653 1291 745 1382 juxta
758 1282 963 1361 libertatem.
981 1285 1137 1356 Convic-

364 1383 455 1458 tibus
481 1395 516 1460 &
540 1379 693 1488 hospitiis
718 1413 789 1460 non
814 1384 982 1486 elingens
1002 1381 1137 1464 ,effufius
1198 1452 1202 1457 .

363 1485 532 1587 indulget.
540 1487 807 1587 Quemcumque
816 1486 1137 1564 mortaliumarcere

363 1591 481 1676 redo,
506 1583 601 1662 nefas
616 1588 761 1662 habetur
779 1617 788 1659 t
811 1613 872 1688 pro
889 1583 1027 1662 fortuni
1043 1583 1136 1684 quis-

362 1713 431 1786 que
451 1687 614 1790 apparatis
634 1689 741 1790 epulis
759 1688 892 1790 excipit.
926 1685 1021 1761 Cium
1039 1680 1135 1760 defe-

361 1789 532 1888 cere,qui
545 1788 652 1862 modo
663 1788 783 1893 hospes
791 1787 919 1878 fuerat,
932 1789 1136 1862 monstrator

359 1887 1135 1992 hospitii&cornes,proximamdomumnon

356 1988 496 2062 invitati
509 1987 636 2062 adeunt
649 2021 658 2060 ε
675 2018 740 2063 nec
753 1991 908 2063 interest:
927 1988 999 2088 pari
1012 1987 1135 2060 huma·

358 2087 466 2161 nitate
482 2089 702 2188 accipiuntur.
727 2089 861 2160 Notum
876 2087 1135 2188 ignotumque,

351 2211 528 2284 quantum
544 2187 588 2260 ad
602 2195 654 2289 jus
668 2187 828 2288 hospitii,
846 2214 951 2260 nemo
961 2185 1133 2264 discernit.

355 2285 540 2378 Abeunti,
564 2286 589 2359 sr
629 2287 691 2361 uid
706 2285 921 2390 poposcerit,
941 2288 1132 2365 concedere
1164 2318 1170 2326 “
1200 2287 1205 2294 ’

356 2385 487 2460 moris:
509 2315 721 2488 &poliendi
736 2390 887 2464 invicem
904 2390 1026 2466 eadem
1045 2386 1129 2462 faci-

355 2485 442 2558 litas.
470 2489 634 2563 Gaudent
649 2492 846 2566 muneribus
858 2522 876 2567 ι,
892 2487 951 2566 sed
967 2516 1031 2564 nec
1048 2488 1129 2565 data

353 2586 550 2688 imputant,
570 2613 639 2665 'nec
653 2593 799 2706 acceptis
814 2590 884 2664 obli
910 2616 1019 2666 antur.

407 2689 526 2764 XXll.
552 2692 601 2764 Vr
612 2719 722 2763 etus
740 2717 830 2763 mter
841 2621 988 2788 hoipites
1007 2688 1131 2772 comist

354 2787 477 2860 Statim
505 2813 525 2858 e
552 2785 702 2871 somno,
727 2813 834 2882 quem
859 2785 1061 2881 plerumque
1086 2786 1125 2860 in

352 2888 453 2960 diem·
464 2885 663 2979 extrahunt,
680 2882 854 2967 lavantur,
866 2879 980 2982 sepitis
991 2880 1124 2974 calida,

353 3010 392 3058 ut
412 2983 501 3083 apud
521 3008 606 3078 quos
625 2979 816 3074 plurimum
839 2979 950 3053 hiems
970 3009 1123 3084 occupat.

352 3084 452 3156 Lauti
467 3138 477 3170 ,
501 3081 618 3154 cibum
632 3082 769 3180 capiunt
784 3111 793 3154 t
817 3078 970 3182 separata
985 3080 1124 3182 fingulis

352 3181 471 3270 sedes,
500 3191 536 3256 &
565 3179 622 3258 sua
647 3183 770 3282 cuique
795 3180 921 3256 mensa.
956 3185 1052 3256 Tum
1075 3183 1128 3262 ad

352 3283 510 3379 negotia,
526 3309 588 3356 nec
600 3283 712 3356 minus
723 3281 806 3384 saepe
816 3283 860 3355 ad
873 3283 1027 3356 convivia
1040 3310 1123 3382 pto·

353 3383 479 3458 cedunt
494 3383 626 3459 armati.
652 3384 761 3458 Diem
779 3387 985 3483 nodemque
1005 3384 1122 3459 conti-

350 3509 453 3560 nuare
467 3486 641 3589 potando,
662 3485 749 3562 nulli
764 3483 1119 3589 probrum.·Crebtae‚'

1076 3607 1119 3668 ut
