2767 4634
327 583 404 686 ³156
500 579 935 682 Sutrrartrn‘ru'tl

329 697 420 796 luis,
443 703 601 780 laudibus
619 703 854 780 celebraretur.
888 701 1102 808 Reipublicd

330 805 467 882 libertas
480 807 515 878 in
527 805 723 908 Principum
737 806 1013 880 dominationem
1030 804 1100 884 ces«
1184 843 1187 849 ¹

330 907 440 996 setar,
467 933 654 1005 eorumque
667 907 804 998 artibus
821 907 1002 981 cavebatur
1019 966 1031 998 ,
1058 933 1099 984 ut

329 1005 476 1092 fastiditi
490 1005 625 1082 externi
644 1033 826 1108 vetereque
846 1007 954 1109 gloria
966 1010 1035 1082 toti
1052 1008 1102 1084 ad

330 1109 528 1186 domesticas
541 1105 712 1206 novasque
731 1108 868 1182 delicias
883 1134 1099 1201 converterer

330 1235 419 1289 mur.
446 1211 545 1282 Dum
568 1209 605 1280 in
627 1208 696 1282 haec
720 1209 790 1282 otia
813 1205 1035 1300 resolvimur,
1061 1220 1100 1286 δε

329 1309 427 1402 l'uum
441 1307 581 1409 quisque
593 1309 770 1411 ingenium
784 1309 880 1380 miris
892 1308 1005 1380 modis
1015 1337 1099 1383 con·

330 1436 480 1510 torquet,
488 1410 610 1511 quibus
622 1412 759 1512 ignotos
772 1407 817 1481 ad
852 1408 973 1481 loriam
987 1409 1098 1485 aditus

330 1512 484 1614 aperiat,
511 1539 631 1586 omnes
657 1511 739 1585 vicit
765 1438 884 1584 infelix
911 1511 951 1582 L.
976 1507 1104 1586 Annaei

329 1615 464 1688 Seneca
489 1609 640 1684 facilitas.
683 1606 783 1682 Abfit
803 1639 824 1682 a
843 1637 901 1684 me
921 1610 1100 1689 inhonesta
1136 1647 1140 1692 v

330 1713 400 1788 hec
413 1711 625 1812 malignitas,
639 1733 677 1784 ut
691 1736 785 1783 veras
797 1709 860 1784 viti
872 1709 988 1784 laudes
1001 1711 1099 1799 dete·

329 1841 415 1892 tam.
442 1812 585 1914 Egregia
597 1812 633 1884 in
647 1837 689 1886 eo
704 1807 871 1926 sapientiae
885 1812 1016 1905 studia,
1034 1839 1101 1886 nec

328 1913 476 1992 stastum
499 1911 670 1986 malorum
695 1912 891 2015 Puncipum
912 1911 1000 1984 odiis
1022 1913 1099 1988 ani-

329 2041 429 2088 mum
449 2009 517 2111 ipse
537 2009 665 2127 suspexi
688 2009 890 2114 semperque
909 2010 1102 2121 suspiciam·

247 2133 255 2142 ·
331 2112 383 2190 At
403 2139 518 2210 neque
534 2137 656 2184 ventas
674 2112 800 2210 patitur
818 2136 878 2201 ut,
900 2138 1004 2210 quam
1038 2138 1101 2206 ¹et-

330 2210 458 2288 uiciem
472 2209 673 2310 eloquentia
684 2209 859 2299 intulerit,
882 2209 991 2282 diffim
1029 2239 1104 2287 em.

331 2386 336 2396 ,
382 2322 416 2386 6.
428 2313 612 2386 Caranon
624 2308 743 2384 naturd
754 2306 957 2410 sortundque
966 2337 1108 2411 paratus-

330 2407 399 2486 fuit
414 2415 538 2488 Seneca
551 2465 567 2500 ,
586 2437 626 2487 ut
646 2439 725 2487 eam
746 2409 851 2486 literis
870 2413 1101 2490 mutationem

331 2511 521 2589 inveheret.
547 2513 737 2618 Copiosum
751 2514 846 2588 enim
860 2511 911 2585 illi
923 2538 994 2588 erat
1006 2514 1102 2618 inge·

332 2611 454 2704 nium,
478 2613 608 2706 molle,
627 2643 830 2706 amoenum,
853 2612 998 2688 eruditio
1014 2615 1105 2688 mul·

331 2713 646 2817 tiplex‚majorque
657 2716 913 2790 commendatio
925 2742 965 2786 ex
975 2711 1105 2814 sapien-

333 2809 388 2888 ‘tia
409 2816 550 2904 studiis,
581 2842 654 2913 quae
680 2839 871 2910 numquam
895 2812 970 2922 plus
992 2812 1105 2886 laudis

315 2912 513 3000 obtinent,
530 2913 634 3010 quam
646 2909 727 2982 crim
738 2934 850 2980 mores
861 2935 1001 3010 petiere.
1014 2911 1103 2989 Usus

333 3023 370 3088 &
388 3009 495 3082 saeculi
514 3008 564 3081 sui
585 3007 741 3098 auribus,
765 3007 903 3082 dicendi
923 3037 1029 3112 genus
1048 3038 1102 3088 ar·

332 3109 536 3209 temperavit
549 3105 670 3200 facile,
686 3108 809 3198 breve,
829 3107 978 3185 sermoni
990 3115 1102 3214 proxi-

329 3235 434 3298 „rnum
457 3267 468 3299 ,
499 3211 610 3286 verbis
630 3207 899 3302 circumcisum,
927 3211 1103 3288 sententiis

333 3307 519 3411 frequens,
545 3311 672 3412 &jugi
696 3311 858 3387 vitiorum
881 3310 1107 3392 insectatione·

329 3407 380 3498 ¹ad
398 3411 662 3486 admirationem
687 3409 923 3514 compositum.
963 3416 1100 3491 Mirum

335 3533 385 3604 :ut
414 3512 539 3618 placuit
562 3539 652 3596 nova
679 3511 750 3590 hac
772 3513 932 3593 orationis
946 3511 1101 3623 speciesg
