2767 4634
349 618 548 727 Dmtoo-tu
576 646 619 693 ut
644 613 915 699 Ouaroutaus.
966 628 1046 721 ‘¹45¹‘

236 823 239 827 ,
266 752 268 757 ’
315 770 355 825 us
376 740 465 832 esse,
490 770 560 817 non
583 766 620 814 ut
639 737 955 814 rhetorum'scholis
971 739 1040 817 'de-
1081 823 1084 826 ,

269 868 476 931 camarent,
497 870 560 917 nec
577 854 615 915 ut
631 840 737 930 fidis,
759 869 822 914 nec
840 840 911 914 ullo
930 844 1039 916 modo
1061 894 1066 903 x

268 946 314 1019 ad
325 944 507 1019 veritatem
524 942 786 1031 accedentibus,
805 944 1054 1018 controversiis=

267 1044 422 1147 linguam
440 1042 547 1115 modb
562 1053 597 1116 δι
610 1070 732 1116 vocem
749 1055 964 1131 exercerent,
979 1042 1041 1119 sed

266 1172 306 1219 ut
316 1146 367 1220 his
380 1144 507 1218 artibus
523 1148 636 1244 pedus
648 1141 853 1243 implerent,
867 1143 1041 1243 inquibus

268 1246 312 1319 de
329 1246 481 1319 bonisne
496 1242 620 1332 malis4
643 1242 700 1315 de'
710 1244 850 1315 honesto
868 1271 906 1315 ac
920 1245 1041 1345 turpi,

269 1347 417 1445 de'justo
433 1356 467 1421 δι
485 1344 605 1441 injusto
622 1340 819 1443 disputatur.
845 1347 924 1417 Haec
943 1346 1039 1420 enim

270 1449 315 1521 est
328 1447 454 1519 oratori
466 1442 614 1541 subjedba
627 1443 869 1515 addicendum
885 1446 1039 1523 materiae
1134 1472 1138 1477 ·

269 1548 361 1621 Nam
377 1546 413 1617 in
432 1545 561 1643 judiciis
576 1541 646 1615 fere
663 1542 707 1615 de
721 1544 900 1641 acquitate,
920 1545 956 1616 in
975 1545 1038 1620 de·

269 1644 527 1720 liberationibus
539 1644 582 1716 de
591 1644 763 1717 honestare
773 1642 930 1733 dicimus,
944 1645 990 1717 ira
1000 1667 1039 1721 ut
1133 1666 1138 1671 ’

269 1746 473 1851 plerumque
489 1746 556 1815 haec
570 1741 639 1843 ipsa
652 1744 800 1817 invicem
818 1742 1039 1819 misceantur:

222 1840 224 1852 ¹
271 1848 316 1923 de
341 1846 464 1955 quibus
487 1844 645 1944 copiose,
671 1854 708 1917 &
729 1843 843 1930 varie,
864 1853 901 1917 δε
922 1848 1043 1919 ornate

269 1976 377 2027 nemo
406 1946 519 2019 dicere
546 1946 675 2047 potest3
692 1941 773 2015 nist
792 1945 852 2042 qui
878 1948 1041 2045 cognovit

271 2060 428 2122 'naturam
449 2044 662 2132 humanam,
688 2054 727 2117 &
743 2043 825 2117 vim
851 2044 1041 2136 virtutuma

268 2149 540 2251 pravitatemque
557 2146 744 2233 vitiorum,
771 2154 807 2218 δέ
826 2144 1041 2223 intellectum

272 2276 393 2323 eorum
407 2305 417 2337 ,
438 2274 511 2346 qua
525 2272 588 2319 nec
602 2245 638 2317 in
653 2245 854 2334 virtutibus,
876 2274 987 2346 neque
1001 2249 1039 2321 itt

271 2348 364 2423 vitiis
381 2371 611 2421 numerantur.
641 2348 688 2417 Ex
704 2345 755 2417 his
768 2342 919 2418 fontibus
930 2348 1039 2420 etiam

272 2447 332 2521 illa
346 2448 515 2549 profluunt
529 2504 539 2535 ,
559 2471 596 2518 ut
610 2442 740 2517 facilius
753 2446 839 2517 iram
854 2445 973 2545 judicis
983 2446 1040 2522 vel

272 2549 436 2647 instiget,
461 2545 517 2619 vel
539 2545 665 2635 leniat,
692 2544 753 2643 qui
773 2543 832 2618 scit
853 2548 937 2643 quid
963 2548 1038 2643 ira3

271 2644 467 2753 promptius
497 2644 541 2717 ad
573 2644 824 2727 miserationem
856 2644 1039 2747 impellat,

274 2748 337 2849 qui
354 2744 415 2819 scit
431 2743 516 2845 quid
532 2743 572 2819 fit
587 2744 815 2821 misericordia
830 2803 841 2834 ,
859 2746 1040 2847 &quibus
1092 2752 1095 2755 ’

275 2848 382 2923 animi
398 2844 547 2919 motibus
566 2848 763 2920 concitetur.
793 2850 833 2919 ln
847 2846 897 2919 his
915 2848 1040 2921 artibus

275 2944 636 3047 exercitationibusque
653 2946 798 3022 versatus
814 2973 950 3038 orator,
975 2946 1042 3022 stve

276 3046 367 3148 apud
393 3045 556 3135 infestos,
584 3045 649 3129 stve
674 3047 763 3147 apud
786 3048 950 3146 cupidos,
977 3047 1045 3122 stv'e

216 3158 219 3165 '
276 3147 368 3247 apud
387 3146 602 3235 invidentes,
627 3145 693 3220 stve
713 3146 802 3245 apud
821 3149 950 3236 tristes,
976 3148 1043 3224 five

272 3245 367 3347 'apud
382 3248 541 3321 timentes
553 3246 740 3321 dicendum
756 3246 1045 3343 habuerit,'tene·

276 3347 330 3420 bit
353 3348 497 3420 habenas
518 3348 737 3421 animorum:
759 3356 915 3447 &prout
936 3347 1045 3445 cujus-

276 3472 347 3546 que
358 3470 473 3521 natura
482 3446 680 3549 postulabit,
693 3447 872 3522 adhibebit
884 3476 1042 3538 manum,

275 3558 316 3633 ὄσ
337 3548 543 3648 temperabit
566 3550 782 3646 orationem,
806 3574 921 3652 parato
946 3551 1044 3624 onatai

363 3652 458 3727 Tou.
487 3651 550 3727 VI.
604 3660 606 3664 ’
912 3652 947 3724 G
