2767 4634
229 663 234 673 .
309 590 386 679 ²352
429 549 728 640 C.Couurr'ri
753 567 1027 657 Taetrum.

315 686 502 785 majoribus
521 684 661 773 nostris,
677 713 775 760 exeo
788 685 1004 761 manifestum
1015 682 1083 777 estg

305 786 412 885 ‘qubd
422 842 434 875 ,
453 790 493 859 L.
503 784 620 857 Crallo
636 795 671 859 &
688 788 851 861 Domitio
866 786 1083 875 censoribus,
1104 792 1109 795 ’
1183 776 1199 795 .

318 886 474 971 cludere,
487 908 524 957 ut
538 884 585 955 ait
597 885 746 975 Cicero,
764 885 886 972 ludum
899 886 1083 987 impuden-

311 985 370 1061 tia
383 981 455 1080 julli
466 980 552 1057 sunt.
576 984 665 1075 Sed,
678 1011 716 1059 ut
729 986 841 1061 dicere
854 988 1083 1073 institueram,

306 1082 531 1156 'deducuntur
541 1083 577 1155 in
589 1083 716 1159 scholas
725 1140 737 1174 ‚
746 1088 890 1185 quibus,
903 1115 974 1161 non
984 1084 1084 1160 facile

317 1182 491 1273 dixerim,
514 1209 673 1259 utrumne
702 1185 795 1259 locus
816 1184 886 1288 ipse
901 1243 912 1275 ,
926 1214 980 1277 ¹an
1001 1211 1085 1257 con·-

318 1280 497 1382 discipuli,
517 1313 560 1357 an
581 1312 685 1385 genus
705 1286 891 1359 studiorum
906 1285 980 1388 plus
1000 1284 1086 1359 mali

211 1412 214 1417 ·
317 1382 465 1483 ingeniis
482 1382 651 1460 adferant.
678 1387 770 1469 Nam
788 1388 825 1458 in
841 1385 917 1459 loco
931 1384 1017 1457 nihil
1031 1411 1087 1459 re·

309 1483 505 1576 ¹verentia,
530 1482 642 1559 sedin
662 1512 768 1585 quem
786 1514 892 1560 nemo
911 1484 972 1557 nist
993 1484 1087 1583 aque

319 1584 498 1684 imperitus
524 1586 636 1659 intrat.
675 1590 717 1657 ln
742 1584 977 1685 condiscipulis
1000 1580 1088 1655 nihil

178 1668 182 1675 ⁴
256 1689 259 1697 “
311 1680 519 1787 profectis,
548 1685 626 1759 clim
649 1687 745 1787 pueri
759 1688 851 1759 'inter
877 1712 1025 1787 pueros,
1050 1692 1088 1757 &

321 1782 564 1859 adolescentuli
587 1787 675 1859 inter
696 1784 989 1876 adolescentulos,
1017 1780 1089 1883 pari

318 1883 497 1959 securitate
514 1896 550 1960 δι
567 1887 707 1976 dicant,
728 1896 764 1960 δι
787 1887 975 1960 audiantur.
1010 1879 1090 1983 lpsae

321 1988 410 2078 verbi
420 1987 674 2057 exercitationes
693 1984 817 2084 magnai
836 2013 876 2058 ex
896 2009 989 2083 parte
1006 2009 1091 2054 con.-

325 2082 442 2167 trariae.
462 2086 597 2181 Nempe
610 2085 707 2155 enim·
714 2084 785 2153 duo
796 2109 920 2181 genera
933 2082 1094 2154 materia·

321 2206 399 2253 rum
415 2180 504 2280 apud
521 2182 670 2254 rhetores
686 2186 892 2266 tradantur,
915 2177 1064 2251 suasoriae
1076 2234 1097 2272 ‚,
1138 2263 1141 2265 ,

314 2290 358 2371 ¹&
373 2278 614 2353 controverllae.
642 2282 688 2352 Ex
705 2280 746 2353 iis
759 2276 907 2352 suasoria
923 2278 1065 2379 quidem
1076 2332 1095 2370 ,

322 2378 383 2455 etli
410 2404 586 2481 tamquam
613 2379 712 2481 plani:
739 2379 882 2455 leviores
913 2388 949 2462 δι
976 2379 1090 2454 minus

325 2478 509 2583 prudentia
529 2483 859 2597 exigentes‚‚pueris
871 2479 1091 2582 delegantut5

323 2580 555 2655 controversia
582 2582 824 2658 robustioribus·
851 2581 1092 2681 adsignantur,

324 2680 441 2781 quales
501 2710 516 2753 r
529 2681 635 2756 fidem
650 2740 661 2771 ,
678 2694 714 2757 &
728 2683 831 2781 qualm
847 2681 1094 2755 incredibiliter

324 2710 539 2879 compoliiae!
565 2783 723 2877 Sequitur
739 2806 850 2851 autem
869 2802 906 2849 ut
923 2778 1093 2867 materiae,

321 2878 550 2959 abhorrentia
561 2879 701 2946 veritate
712 2930 723 2960 ‚
735 2874 941 2947 declamatio
954 2903 1092 2975 quoque

323 2976 532 3048 adhibeatur.
546 2972 597 3042 Sic
610 2971 649 3045 fir
662 2996 699 3043 ut
712 2972 996 3067 tyrannicidarum
1012 3001 1095 3075 prae·

324 3072 416 3158 mia,
441 3095 498 3142 aut
518 3069 711 3145 vitiatarum
727 3071 933 3164 electiones,
953 3100 1010 3147 aut
1021 3075 1095 3177 pel'·¹

325 3169 464 3242 tilentiae
487 3171 662 3262 remedia,
690 3198 748 3247 aut
771 3175 894 3249 incesta
916 3199 1093 3266 matrum,¹
1129 3206 1133 3211 ·
1168 3178 1174 3196 '

260 3295 265 3309 ‘
324 3293 382 3342 aut
401 3270 570 3369 quidquid
589 3273 625 3345 iu
646 3272 760 3346 scholi
780 3274 935 3373 quotidie
956 3275 1093 3375 agitur,⁴

319 3368 360 3441 in
376 3365 452 3442 foro
470 3371 523 3443 vel
536 3374 635 3458 rarb,
662 3372 716 3445 vel
736 3401 950 3474 numquam,
972 3375 1093 3475 ingen-

258 3540 261 3547 ,
323 3466 413 3545 tibus
431 3471 541 3548 verbis
557 3469 819 3577 persequantur:
840 3473 920 3551 clun
937 3472 981 3550 ad
994 3477 1122 3569 reroqs
