<?xml version="1.0" encoding="UTF-8"?>
<!DOCTYPE html PUBLIC "-//W3C//DTD XHTML 1.0 Transitional//EN"
    "http://www.w3.org/TR/xhtml1/DTD/xhtml1-transitional.dtd">
<html xmlns="http://www.w3.org/1999/xhtml" xml:lang="en" lang="en">
 <head>
  <title>
</title>
<meta http-equiv="Content-Type" content="text/html;charset=utf-8" />
  <meta name='ocr-system' content='tesseract 3.04.00' />
  <meta name='ocr-capabilities' content='ocr_page ocr_carea ocr_par ocr_line ocrx_word'/>
</head>
<body>
  <div class='ocr_page' id='page_1' title='image "./operasupplement01tacigoog_0401.png"; bbox 0 0 2767 4634; ppageno 0'>
   <div class='ocr_carea' id='block_1_1' title="bbox 359 586 1037 695">
    <p class='ocr_par' dir='ltr' id='par_1_1' title="bbox 359 586 1037 695">
     <span class='ocr_line' id='line_1_1' title="bbox 359 586 1037 695; baseline -0.01 -30"><span class='ocrx_word' id='word_1_1' title='bbox 359 616 410 665; x_wconf 77' lang='lat' dir='ltr'>nn</span> <span class='ocrx_word' id='word_1_2' title='bbox 435 588 740 663; x_wconf 75' lang='lat' dir='ltr'>Onnronrnus</span> <span class='ocrx_word' id='word_1_3' title='bbox 764 586 908 661; x_wconf 67' lang='lat' dir='ltr'>Nora.</span> <span class='ocrx_word' id='word_1_4' title='bbox 963 612 1037 695; x_wconf 15' lang='lat'><strong>&#39;393&#39;</strong></span> 
     </span>
    </p>
   </div>
   <div class='ocr_carea' id='block_1_2' title="bbox 274 704 1055 869">
    <p class='ocr_par' dir='ltr' id='par_1_2' title="bbox 274 704 1055 869">
     <span class='ocr_line' id='line_1_2' title="bbox 311 704 1055 785; baseline -0.008 -14"><span class='ocrx_word' id='word_1_5' title='bbox 311 706 501 771; x_wconf 81' lang='lat' dir='ltr'>Mutuadimnr</span> <span class='ocrx_word' id='word_1_6' title='bbox 510 728 527 768; x_wconf 90' lang='lat' dir='ltr'>a</span> <span class='ocrx_word' id='word_1_7' title='bbox 537 704 741 785; x_wconf 76' lang='lat' dir='ltr'><strong><em>Peripateticis.</em></strong></span> <span class='ocrx_word' id='word_1_8' title='bbox 757 708 868 769; x_wconf 89' lang='lat' dir='ltr'>Locum</span> <span class='ocrx_word' id='word_1_9' title='bbox 879 707 954 767; x_wconf 90' lang='lat' dir='ltr'>hunc</span> <span class='ocrx_word' id='word_1_10' title='bbox 963 710 1039 767; x_wconf 85' lang='lat' dir='ltr'>resti·</span> <span class='ocrx_word' id='word_1_11' title='bbox 1052 747 1055 753; x_wconf 90' lang='lat'>-</span> 
     </span>
     <span class='ocr_line' id='line_1_3' title="bbox 274 786 1039 869; baseline -0.007 -19"><span class='ocrx_word' id='word_1_12' title='bbox 274 792 375 851; x_wconf 77' lang='lat' dir='ltr'>luimus</span> <span class='ocrx_word' id='word_1_13' title='bbox 389 808 422 847; x_wconf 89' lang='lat' dir='ltr'>ex</span> <span class='ocrx_word' id='word_1_14' title='bbox 434 786 499 849; x_wconf 82' lang='lat' dir='ltr'>Mis.</span> <span class='ocrx_word' id='word_1_15' title='bbox 506 786 599 849; x_wconf 85' lang='lat' dir='ltr'>Vatic.</span> <span class='ocrx_word' id='word_1_16' title='bbox 614 786 690 859; x_wconf 87' lang='lat' dir='ltr'>Vide</span> <span class='ocrx_word' id='word_1_17' title='bbox 701 790 825 869; x_wconf 82' lang='lat' dir='ltr'>priorem</span> <span class='ocrx_word' id='word_1_18' title='bbox 833 786 926 848; x_wconf 81' lang='lat' dir='ltr'>Taciti</span> <span class='ocrx_word' id='word_1_19' title='bbox 937 787 1039 847; x_wconf 85' lang='lat' dir='ltr'>editio-</span> 
     </span>
    </p>
   </div>
   <div class='ocr_carea' id='block_1_3' title="bbox 173 860 694 949">
    <p class='ocr_par' dir='ltr' id='par_1_3' title="bbox 173 860 694 949">
     <span class='ocr_line' id='line_1_4' title="bbox 173 860 694 949; baseline -0.01 -19"><span class='ocrx_word' id='word_1_20' title='bbox 173 878 176 883; x_wconf 89' lang='lat'>&#39;</span> <span class='ocrx_word' id='word_1_21' title='bbox 213 872 219 881; x_wconf 90' lang='lat'><em>&#39;</em></span> <span class='ocrx_word' id='word_1_22' title='bbox 273 882 361 943; x_wconf 81' lang='lat' dir='ltr'>nem,</span> <span class='ocrx_word' id='word_1_23' title='bbox 376 866 464 926; x_wconf 89' lang='lat' dir='ltr'>Tom.</span> <span class='ocrx_word' id='word_1_24' title='bbox 475 866 528 941; x_wconf 90' lang='lat' dir='ltr'>IV,</span> <span class='ocrx_word' id='word_1_25' title='bbox 543 860 611 949; x_wconf 87' lang='lat' dir='ltr'>pag.</span> <span class='ocrx_word' id='word_1_26' title='bbox 627 886 694 943; x_wconf 86' lang='lat'>253.</span> 
     </span>
    </p>
   </div>
   <div class='ocr_carea' id='block_1_4' title="bbox 201 944 1044 1739">
    <p class='ocr_par' dir='ltr' id='par_1_4' title="bbox 201 944 1044 1739">
     <span class='ocr_line' id='line_1_5' title="bbox 312 944 1038 1024; baseline -0.007 -15"><span class='ocrx_word' id='word_1_27' title='bbox 312 946 434 1009; x_wconf 84' lang='lat' dir='ltr'>Pataros</span> <span class='ocrx_word' id='word_1_28' title='bbox 447 948 507 1024; x_wconf 83' lang='lat' dir='ltr'>jam</span> <span class='ocrx_word' id='word_1_29' title='bbox 527 945 609 1006; x_wconf 85' lang='lat' dir='ltr'>lotos.</span> <span class='ocrx_word' id='word_1_30' title='bbox 638 944 693 1006; x_wconf 88' lang='lat' dir='ltr'>His</span> <span class='ocrx_word' id='word_1_31' title='bbox 717 945 751 1005; x_wconf 91' lang='lat' dir='ltr'>de</span> <span class='ocrx_word' id='word_1_32' title='bbox 772 945 841 1005; x_wconf 88' lang='lat' dir='ltr'>locis</span> <span class='ocrx_word' id='word_1_33' title='bbox 864 944 948 1004; x_wconf 88' lang='lat' dir='ltr'>libros</span> <span class='ocrx_word' id='word_1_34' title='bbox 971 947 1038 1004; x_wconf 72' lang='lat' dir='ltr'>odio</span> 
     </span>
     <span class='ocr_line' id='line_1_6' title="bbox 201 1024 1038 1108; baseline -0.007 -19"><span class='ocrx_word' id='word_1_35' title='bbox 201 1062 210 1081; x_wconf 72' lang='lat' dir='ltr'>s</span> <span class='ocrx_word' id='word_1_36' title='bbox 272 1024 450 1108; x_wconf 88' lang='lat' dir='ltr'>Topicotum</span> <span class='ocrx_word' id='word_1_37' title='bbox 472 1024 556 1085; x_wconf 86' lang='lat' dir='ltr'>edidit</span> <span class='ocrx_word' id='word_1_38' title='bbox 579 1024 767 1099; x_wconf 87' lang='lat' dir='ltr'>Aristoteles,</span> <span class='ocrx_word' id='word_1_39' title='bbox 792 1028 1038 1104; x_wconf 76' lang='lat' dir='ltr'>Peripateticorum</span> 
     </span>
     <span class='ocr_line' id='line_1_7' title="bbox 272 1103 1040 1189; baseline -0.004 -23"><span class='ocrx_word' id='word_1_40' title='bbox 272 1110 414 1189; x_wconf 91' lang='lat' dir='ltr'>princeps.</span> <span class='ocrx_word' id='word_1_41' title='bbox 433 1104 508 1167; x_wconf 91' lang='lat' dir='ltr'>Vide</span> <span class='ocrx_word' id='word_1_42' title='bbox 520 1112 547 1163; x_wconf 75' lang='grc' dir='ltr'>δι</span> <span class='ocrx_word' id='word_1_43' title='bbox 559 1103 744 1179; x_wconf 87' lang='lat' dir='ltr'>Ciceronem,</span> <span class='ocrx_word' id='word_1_44' title='bbox 757 1104 862 1184; x_wconf 82' lang='lat' dir='ltr'>Topic.</span> <span class='ocrx_word' id='word_1_45' title='bbox 872 1125 953 1184; x_wconf 91' lang='lat' dir='ltr'>cap.1</span> <span class='ocrx_word' id='word_1_46' title='bbox 972 1114 998 1164; x_wconf 89' lang='lat'>&amp;</span> <span class='ocrx_word' id='word_1_47' title='bbox 1013 1128 1040 1163; x_wconf 86' lang='lat' dir='ltr'>a.</span> 
     </span>
     <span class='ocr_line' id='line_1_8' title="bbox 314 1183 1041 1265; baseline -0.008 -17"><span class='ocrx_word' id='word_1_48' title='bbox 314 1183 473 1248; x_wconf 83' lang='lat' dir='ltr'>Academici</span> <span class='ocrx_word' id='word_1_49' title='bbox 499 1183 717 1265; x_wconf 80' lang='lat' dir='ltr'>pugnacitatem.</span> <span class='ocrx_word' id='word_1_50' title='bbox 757 1184 933 1243; x_wconf 82' lang='lat' dir='ltr'>Academicis</span> <span class='ocrx_word' id='word_1_51' title='bbox 964 1187 1041 1243; x_wconf 90' lang='lat' dir='ltr'>enim</span> 
     </span>
     <span class='ocr_line' id='line_1_9' title="bbox 272 1260 1042 1345; baseline -0.004 -20"><span class='ocrx_word' id='word_1_52' title='bbox 272 1270 335 1326; x_wconf 87' lang='lat' dir='ltr'>&#39;mos</span> <span class='ocrx_word' id='word_1_53' title='bbox 355 1266 393 1325; x_wconf 84' lang='lat' dir='ltr'>est</span> <span class='ocrx_word' id='word_1_54' title='bbox 415 1263 444 1324; x_wconf 88' lang='lat' dir='ltr'>in</span> <span class='ocrx_word' id='word_1_55' title='bbox 468 1280 608 1343; x_wconf 81' lang='lat' dir='ltr'>atramque</span> <span class='ocrx_word' id='word_1_56' title='bbox 631 1279 740 1341; x_wconf 78' lang='lat' dir='ltr'>partem</span> <span class='ocrx_word' id='word_1_57' title='bbox 766 1260 934 1343; x_wconf 71' lang='lat' dir='ltr'>differendi;</span> <span class='ocrx_word' id='word_1_58' title='bbox 962 1261 1042 1345; x_wconf 90' lang='lat' dir='ltr'>quod</span> 
     </span>
     <span class='ocr_line' id='line_1_10' title="bbox 275 1340 1042 1479; baseline -0.004 -73"><span class='ocrx_word' id='word_1_59' title='bbox 275 1342 312 1406; x_wconf 84' lang='lat' dir='ltr'>ad</span> <span class='ocrx_word' id='word_1_60' title='bbox 339 1342 561 1405; x_wconf 83' lang='lat' dir='ltr'>exercitationem</span> <span class='ocrx_word' id='word_1_61' title='bbox 582 1340 731 1479; x_wconf 51' lang='lat' dir='ltr'>satrapum</span> <span class='ocrx_word' id='word_1_62' title='bbox 756 1342 894 1421; x_wconf 68' lang='lat' dir='ltr'>caustorum</span> <span class='ocrx_word' id='word_1_63' title='bbox 918 1344 1042 1417; x_wconf 65' lang='lat' dir='ltr'>proximi</span> 
     </span>
     <span class='ocr_line' id='line_1_11' title="bbox 272 1416 1042 1502; baseline -0.006 -18"><span class='ocrx_word' id='word_1_64' title='bbox 272 1424 390 1499; x_wconf 75' lang='lat' dir='ltr'>accedit.</span> <span class='ocrx_word' id='word_1_65' title='bbox 423 1421 635 1498; x_wconf 83' lang='lat' dir='ltr'>Quintilianus,</span> <span class='ocrx_word' id='word_1_66' title='bbox 674 1418 777 1502; x_wconf 75' lang='lat' dir='ltr'>afliciat.</span> <span class='ocrx_word' id='word_1_67' title='bbox 803 1420 883 1483; x_wconf 86' lang='lat' dir='ltr'>Orat.</span> <span class='ocrx_word' id='word_1_68' title='bbox 908 1416 988 1495; x_wconf 90' lang='lat' dir='ltr'>XII,</span> <span class='ocrx_word' id='word_1_69' title='bbox 1014 1446 1042 1480; x_wconf 84' lang='lat'>2.</span> 
     </span>
     <span class='ocr_line' id='line_1_12' title="bbox 275 1498 1042 1582; baseline -0.004 -19"><span class='ocrx_word' id='word_1_70' title='bbox 275 1502 416 1582; x_wconf 76' lang='lat' dir='ltr'>Quaenam</span> <span class='ocrx_word' id='word_1_71' title='bbox 429 1498 612 1579; x_wconf 81' lang='lat' dir='ltr'>philosophia:</span> <span class='ocrx_word' id='word_1_72' title='bbox 623 1498 695 1560; x_wconf 74' lang='lat' dir='ltr'>ledia</span> <span class='ocrx_word' id='word_1_73' title='bbox 705 1503 795 1582; x_wconf 86' lang='lat' dir='ltr'>magis</span> <span class='ocrx_word' id='word_1_74' title='bbox 807 1500 841 1560; x_wconf 89' lang='lat' dir='ltr'>ad</span> <span class='ocrx_word' id='word_1_75' title='bbox 852 1502 1042 1581; x_wconf 88' lang='lat' dir='ltr'>eloquentiam</span> 
     </span>
     <span class='ocr_line' id='line_1_13' title="bbox 265 1578 1044 1641; baseline -0.004 1"><span class='ocrx_word' id='word_1_76' title='bbox 265 1580 401 1641; x_wconf 84' lang='lat' dir='ltr'>&#39;conferat</span> <span class='ocrx_word' id='word_1_77' title='bbox 413 1580 450 1638; x_wconf 89' lang='lat' dir='ltr'>ibi</span> <span class='ocrx_word' id='word_1_78' title='bbox 465 1600 498 1638; x_wconf 85' lang='lat' dir='ltr'>ex</span> <span class='ocrx_word' id='word_1_79' title='bbox 521 1579 605 1638; x_wconf 86' lang='lat' dir='ltr'>endit.</span> <span class='ocrx_word' id='word_1_80' title='bbox 627 1578 687 1639; x_wconf 88' lang='lat' dir='ltr'>Peri</span> <span class='ocrx_word' id='word_1_81' title='bbox 712 1584 839 1641; x_wconf 87' lang='lat' dir='ltr'>ateticam</span> <span class='ocrx_word' id='word_1_82' title='bbox 853 1588 880 1639; x_wconf 76' lang='grc' dir='ltr'>δι</span> <span class='ocrx_word' id='word_1_83' title='bbox 891 1580 1044 1640; x_wconf 83' lang='lat' dir='ltr'>Academi·</span> 
     </span>
     <span class='ocr_line' id='line_1_14' title="bbox 272 1602 1004 1739; baseline -0.004 -18"><span class='ocrx_word' id='word_1_84' title='bbox 272 1658 340 1721; x_wconf 58' lang='lat' dir='ltr'>‘cain</span> <span class='ocrx_word' id='word_1_85' title='bbox 354 1602 542 1739; x_wconf 63' lang='lat' dir='ltr'>anteponedat</span> <span class='ocrx_word' id='word_1_86' title='bbox 554 1657 655 1719; x_wconf 85' lang='lat' dir='ltr'>Cicero</span> <span class='ocrx_word' id='word_1_87' title='bbox 669 1603 732 1719; x_wconf 69' lang='lat' dir='ltr'>lide.</span> <span class='ocrx_word' id='word_1_88' title='bbox 742 1660 805 1736; x_wconf 87' lang='lat'>111,</span> <span class='ocrx_word' id='word_1_89' title='bbox 824 1660 858 1719; x_wconf 91' lang='lat' dir='ltr'>dc</span> <span class='ocrx_word' id='word_1_90' title='bbox 870 1658 1004 1719; x_wconf 82' lang='lat' dir='ltr'>Oratore.</span> 
     </span>
    </p>
   </div>
   <div class='ocr_carea' id='block_1_5' title="bbox 269 1736 1144 2353">
    <p class='ocr_par' dir='ltr' id='par_1_5' title="bbox 269 1736 1144 2353">
     <span class='ocr_line' id='line_1_15' title="bbox 317 1736 1044 1820; baseline 0 -21"><span class='ocrx_word' id='word_1_91' title='bbox 317 1737 452 1820; x_wconf 74' lang='lat' dir='ltr'>Honestar</span> <span class='ocrx_word' id='word_1_92' title='bbox 468 1736 594 1819; x_wconf 76' lang='lat' dir='ltr'>putzsdam</span> <span class='ocrx_word' id='word_1_93' title='bbox 612 1739 837 1801; x_wconf 85' lang='lat' dir='ltr'>exclamationes.</span> <span class='ocrx_word' id='word_1_94' title='bbox 854 1736 1044 1799; x_wconf 86' lang='lat' dir='ltr'>Exclamatio-</span> 
     </span>
     <span class='ocr_line' id='line_1_16' title="bbox 277 1816 1044 1901; baseline -0.003 -20"><span class='ocrx_word' id='word_1_95' title='bbox 277 1841 327 1881; x_wconf 84' lang='lat' dir='ltr'>nes</span> <span class='ocrx_word' id='word_1_96' title='bbox 337 1820 398 1879; x_wconf 85' lang='lat' dir='ltr'>illas</span> <span class='ocrx_word' id='word_1_97' title='bbox 409 1820 652 1899; x_wconf 67' lang='lat' dir='ltr'>draenpavytiaptttra</span> <span class='ocrx_word' id='word_1_98' title='bbox 662 1819 716 1891; x_wconf 68' lang='lat' dir='ltr'>lai</span> <span class='ocrx_word' id='word_1_99' title='bbox 724 1816 916 1901; x_wconf 73' lang='lat' dir='ltr'>appellabatE</span> <span class='ocrx_word' id='word_1_100' title='bbox 938 1822 1044 1895; x_wconf 70' lang='lat' dir='ltr'>iturus,</span> 
     </span>
     <span class='ocr_line' id='line_1_17' title="bbox 275 1841 1044 1993; baseline 0.001 -34"><span class='ocrx_word' id='word_1_101' title='bbox 275 1896 363 1993; x_wconf 73' lang='lat' dir='ltr'>iisque</span> <span class='ocrx_word' id='word_1_102' title='bbox 376 1894 514 1979; x_wconf 66' lang='lat' dir='ltr'>sapillime*</span> <span class='ocrx_word' id='word_1_103' title='bbox 527 1898 659 1959; x_wconf 89' lang='lat' dir='ltr'>utebatur.</span> <span class='ocrx_word' id='word_1_104' title='bbox 672 1896 810 1979; x_wconf 86' lang='lat' dir='ltr'>Exempla</span> <span class='ocrx_word' id='word_1_105' title='bbox 820 1841 976 1979; x_wconf 74' lang='lat' dir='ltr'>suppeditat</span> <span class='ocrx_word' id='word_1_106' title='bbox 988 1903 1044 1961; x_wconf 86' lang='lat' dir='ltr'>vita</span> 
     </span>
     <span class='ocr_line' id='line_1_18' title="bbox 274 1977 1045 2060; baseline 0 -21"><span class='ocrx_word' id='word_1_107' title='bbox 274 1977 392 2060; x_wconf 83' lang='lat' dir='ltr'>Epicuri</span> <span class='ocrx_word' id='word_1_108' title='bbox 404 1977 479 2058; x_wconf 87' lang='lat' dir='ltr'>apud</span> <span class='ocrx_word' id='word_1_109' title='bbox 489 1978 547 2039; x_wconf 92' lang='lat' dir='ltr'>Dio</span> <span class='ocrx_word' id='word_1_110' title='bbox 570 1998 651 2039; x_wconf 90' lang='lat' dir='ltr'>enem</span> <span class='ocrx_word' id='word_1_111' title='bbox 662 1979 825 2055; x_wconf 83' lang='lat' dir='ltr'>Laenium,</span> <span class='ocrx_word' id='word_1_112' title='bbox 838 1979 901 2052; x_wconf 85' lang='lat' dir='ltr'>libr.</span> <span class='ocrx_word' id='word_1_113' title='bbox 913 2000 957 2039; x_wconf 88' lang='grc' dir='ltr'>ιο.</span> <span class='ocrx_word' id='word_1_114' title='bbox 967 1979 1045 2047; x_wconf 81' lang='lat' dir='ltr'>Vide</span> 
     </span>
     <span class='ocr_line' id='line_1_19' title="bbox 278 1999 1045 2141; baseline 0.003 -24"><span class='ocrx_word' id='word_1_115' title='bbox 278 2078 393 2140; x_wconf 86' lang='lat' dir='ltr'>quoque</span> <span class='ocrx_word' id='word_1_116' title='bbox 414 2077 494 2118; x_wconf 87' lang='lat' dir='ltr'>notas</span> <span class='ocrx_word' id='word_1_117' title='bbox 514 1999 700 2135; x_wconf 66' lang='lat' dir='ltr'>Cdiauboni,</span> <span class='ocrx_word' id='word_1_118' title='bbox 723 2080 786 2141; x_wconf 89' lang='lat' dir='ltr'>cap.</span> <span class='ocrx_word' id='word_1_119' title='bbox 808 2081 834 2132; x_wconf 79' lang='grc' dir='ltr'>ς.</span> <span class='ocrx_word' id='word_1_120' title='bbox 865 2057 1045 2119; x_wconf 84' lang='lat' dir='ltr'>Metrodorus</span> 
     </span>
     <span class='ocr_line' id='line_1_20' title="bbox 269 2134 1044 2219; baseline 0.003 -21"><span class='ocrx_word' id='word_1_121' title='bbox 269 2157 370 2213; x_wconf 55' lang='lat' dir='ltr'>‚autem</span> <span class='ocrx_word' id='word_1_122' title='bbox 387 2134 533 2219; x_wconf 88' lang='lat' dir='ltr'>discipulus</span> <span class='ocrx_word' id='word_1_123' title='bbox 551 2136 602 2198; x_wconf 83' lang='lat' dir='ltr'>fuit</span> <span class='ocrx_word' id='word_1_124' title='bbox 620 2136 743 2219; x_wconf 86' lang='lat' dir='ltr'>Epicuri.</span> <span class='ocrx_word' id='word_1_125' title='bbox 767 2136 917 2219; x_wconf 81' lang='lat' dir='ltr'>Utriusque</span> <span class='ocrx_word' id='word_1_126' title='bbox 931 2138 1044 2215; x_wconf 87' lang='lat' dir='ltr'>herma,</span> 
     </span>
     <span class='ocr_line' id='line_1_21' title="bbox 276 2217 1144 2353; baseline 0.001 -75"><span class='ocrx_word' id='word_1_127' title='bbox 276 2218 434 2293; x_wconf 77' lang='lat' dir='ltr'>conjundiis</span> <span class='ocrx_word' id='word_1_128' title='bbox 463 2217 624 2299; x_wconf 86' lang='lat' dir='ltr'>capitibus,</span> <span class='ocrx_word' id='word_1_129' title='bbox 653 2238 777 2353; x_wconf 86' lang='lat' dir='ltr'>repertus</span> <span class='ocrx_word' id='word_1_130' title='bbox 804 2218 842 2275; x_wconf 89' lang='lat' dir='ltr'>est</span> <span class='ocrx_word' id='word_1_131' title='bbox 865 2238 943 2275; x_wconf 89' lang='lat' dir='ltr'>anno</span> <span class='ocrx_word' id='word_1_132' title='bbox 969 2241 1043 2299; x_wconf 76' lang='lat'>1743</span> <span class='ocrx_word' id='word_1_133' title='bbox 1139 2280 1144 2285; x_wconf 86' lang='grc'>,</span> 
     </span>
    </p>
   </div>
   <div class='ocr_carea' id='block_1_6' title="bbox 275 2294 1047 2461">
    <p class='ocr_par' dir='ltr' id='par_1_6' title="bbox 275 2294 1047 2461">
     <span class='ocr_line' id='line_1_22' title="bbox 275 2294 1047 2371; baseline 0.001 -13"><span class='ocrx_word' id='word_1_134' title='bbox 275 2298 375 2358; x_wconf 84' lang='lat' dir='ltr'>Romae</span> <span class='ocrx_word' id='word_1_135' title='bbox 401 2298 430 2352; x_wconf 91' lang='lat' dir='ltr'>in</span> <span class='ocrx_word' id='word_1_136' title='bbox 455 2296 612 2354; x_wconf 83' lang='lat' dir='ltr'>Liberianae</span> <span class='ocrx_word' id='word_1_137' title='bbox 637 2298 759 2355; x_wconf 86' lang='lat' dir='ltr'>Barlicae</span> <span class='ocrx_word' id='word_1_138' title='bbox 783 2294 991 2371; x_wconf 84' lang='lat' dir='ltr'>fundamentis,</span> <span class='ocrx_word' id='word_1_139' title='bbox 1016 2317 1047 2359; x_wconf 91' lang='lat' dir='ltr'>ut</span> 
     </span>
     <span class='ocr_line' id='line_1_23' title="bbox 278 2370 1046 2461; baseline 0.005 -26"><span class='ocrx_word' id='word_1_140' title='bbox 278 2377 360 2435; x_wconf 88' lang='lat' dir='ltr'>docet</span> <span class='ocrx_word' id='word_1_141' title='bbox 376 2371 409 2431; x_wconf 90' lang='lat' dir='ltr'>P.</span> <span class='ocrx_word' id='word_1_142' title='bbox 423 2370 568 2447; x_wconf 82' lang='lat' dir='ltr'>Galeotti,</span> <span class='ocrx_word' id='word_1_143' title='bbox 586 2370 714 2435; x_wconf 83' lang='lat' dir='ltr'>Ficorani</span> <span class='ocrx_word' id='word_1_144' title='bbox 735 2372 859 2435; x_wconf 78' lang='lat' dir='ltr'>Gemma</span> <span class='ocrx_word' id='word_1_145' title='bbox 876 2371 1046 2461; x_wconf 72' lang='lat' dir='ltr'>illustrata,</span> 
     </span>
    </p>
   </div>
   <div class='ocr_carea' id='block_1_7' title="bbox 138 2450 436 2539">
    <p class='ocr_par' dir='ltr' id='par_1_7' title="bbox 134 2428 436 2539">
     <span class='ocr_line' id='line_1_24' title="bbox 138 2450 436 2539; baseline 0.013 -30.947"><span class='ocrx_word' id='word_1_146' title='bbox 138 2494 141 2519; x_wconf 80' lang='lat'>,</span> <span class='ocrx_word' id='word_1_147' title='bbox 168 2501 174 2508; x_wconf 95' lang='lat'>.</span> <span class='ocrx_word' id='word_1_148' title='bbox 269 2450 348 2539; x_wconf 48' lang='lat' dir='ltr'>[pag.</span> <span class='ocrx_word' id='word_1_149' title='bbox 370 2460 436 2528; x_wconf 87' lang='lat'>136.</span> 
     </span>
    </p>
   </div>
   <div class='ocr_carea' id='block_1_8' title="bbox 319 2513 1036 2607">
    <p class='ocr_par' dir='ltr' id='par_1_8' title="bbox 319 2513 1036 2607">
     <span class='ocr_line' id='line_1_25' title="bbox 319 2513 1036 2607; baseline 0.001 -14"><span class='ocrx_word' id='word_1_150' title='bbox 319 2532 405 2593; x_wconf 84' lang='lat' dir='ltr'>Artes</span> <span class='ocrx_word' id='word_1_151' title='bbox 422 2529 531 2591; x_wconf 69' lang='lat' dir='ltr'>audire:</span> <span class='ocrx_word' id='word_1_152' title='bbox 548 2528 668 2607; x_wconf 80' lang='lat' dir='ltr'>Ventis,</span> <span class='ocrx_word' id='word_1_153' title='bbox 685 2523 772 2600; x_wconf 80' lang='lat' dir='ltr'>adire.</span> <span class='ocrx_word' id='word_1_154' title='bbox 870 2587 875 2595; x_wconf 90' lang='grc'><em>,</em></span> <span class='ocrx_word' id='word_1_155' title='bbox 949 2518 953 2525; x_wconf 62' lang='grc'><em>’</em></span> <span class='ocrx_word' id='word_1_156' title='bbox 1031 2513 1036 2522; x_wconf 46' lang='grc'><em>’</em></span> 
     </span>
    </p>
   </div>
   <div class='ocr_carea' id='block_1_9' title="bbox 272 2678 1150 3796">
    <p class='ocr_par' dir='ltr' id='par_1_9' title="bbox 272 2678 1150 3705">
     <span class='ocr_line' id='line_1_26' title="bbox 272 2678 1050 2769; baseline -0.001 -16"><span class='ocrx_word' id='word_1_157' title='bbox 272 2678 287 2709; x_wconf 79' lang='grc'>”</span> <span class='ocrx_word' id='word_1_158' title='bbox 324 2690 401 2753; x_wconf 82' lang='lat' dir='ltr'>Cnr.</span> <span class='ocrx_word' id='word_1_159' title='bbox 414 2686 544 2749; x_wconf 87' lang='lat' dir='ltr'>XXXII.</span> <span class='ocrx_word' id='word_1_160' title='bbox 562 2686 687 2764; x_wconf 80' lang='lat' dir='ltr'>Simplex</span> <span class='ocrx_word' id='word_1_161' title='bbox 702 2688 838 2769; x_wconf 81' lang='lat' dir='ltr'>quiddam.</span> <span class='ocrx_word' id='word_1_162' title='bbox 856 2690 1050 2768; x_wconf 85' lang='lat' dir='ltr'>Sufficerent,</span> 
     </span>
     <span class='ocr_line' id='line_1_27' title="bbox 283 2766 1148 2854; baseline 0.001 -23"><span class='ocrx_word' id='word_1_163' title='bbox 283 2766 347 2831; x_wconf 79' lang='lat' dir='ltr'>edm</span> <span class='ocrx_word' id='word_1_164' title='bbox 364 2788 472 2849; x_wconf 84' lang='lat' dir='ltr'>tempus</span> <span class='ocrx_word' id='word_1_165' title='bbox 485 2768 580 2851; x_wconf 85' lang='lat' dir='ltr'>resque</span> <span class='ocrx_word' id='word_1_166' title='bbox 595 2770 755 2850; x_wconf 85' lang='lat' dir='ltr'>postulant,</span> <span class='ocrx_word' id='word_1_167' title='bbox 774 2770 908 2851; x_wconf 85' lang='lat' dir='ltr'>fimplicia</span> <span class='ocrx_word' id='word_1_168' title='bbox 922 2771 1049 2854; x_wconf 78' lang='lat' dir='ltr'>quaedam</span> <span class='ocrx_word' id='word_1_169' title='bbox 1143 2805 1148 2813; x_wconf 93' lang='lat'>·</span> 
     </span>
     <span class='ocr_line' id='line_1_28' title="bbox 282 2847 1049 2932; baseline 0 -21"><span class='ocrx_word' id='word_1_170' title='bbox 282 2858 311 2911; x_wconf 76' lang='grc' dir='ltr'>ὃ(</span> <span class='ocrx_word' id='word_1_171' title='bbox 324 2847 472 2923; x_wconf 84' lang='lat' dir='ltr'>uniformia</span> <span class='ocrx_word' id='word_1_172' title='bbox 487 2853 585 2910; x_wconf 85' lang='lat' dir='ltr'>attium</span> <span class='ocrx_word' id='word_1_173' title='bbox 600 2850 741 2930; x_wconf 87' lang='lat' dir='ltr'>principia</span> <span class='ocrx_word' id='word_1_174' title='bbox 753 2871 770 2909; x_wconf 90' lang='lat' dir='ltr'>a</span> <span class='ocrx_word' id='word_1_175' title='bbox 782 2854 876 2932; x_wconf 83' lang='lat' dir='ltr'>periris</span> <span class='ocrx_word' id='word_1_176' title='bbox 889 2851 1049 2912; x_wconf 83' lang='lat' dir='ltr'>doceamur.</span> 
     </span>
     <span class='ocr_line' id='line_1_29' title="bbox 273 2924 1050 3012; baseline 0.001 -22"><span class='ocrx_word' id='word_1_177' title='bbox 273 2924 279 3004; x_wconf 58' lang='lat' dir='ltr'>J</span> <span class='ocrx_word' id='word_1_178' title='bbox 321 2927 392 2990; x_wconf 86' lang='lat' dir='ltr'>Sine</span> <span class='ocrx_word' id='word_1_179' title='bbox 412 2928 595 3010; x_wconf 83' lang='lat' dir='ltr'>ingenuitate.</span> <span class='ocrx_word' id='word_1_180' title='bbox 614 2928 776 3011; x_wconf 83' lang='lat' dir='ltr'>Ingenuitas</span> <span class='ocrx_word' id='word_1_181' title='bbox 792 2931 1050 3012; x_wconf 86' lang='lat' dir='ltr'>servitutiopponi-</span> 
     </span>
     <span class='ocr_line' id='line_1_30' title="bbox 285 3006 1049 3091; baseline 0.003 -23"><span class='ocrx_word' id='word_1_182' title='bbox 285 3027 337 3068; x_wconf 89' lang='lat' dir='ltr'>tur.</span> <span class='ocrx_word' id='word_1_183' title='bbox 355 3006 545 3088; x_wconf 75' lang='lat' dir='ltr'>Ingenuifitnt</span> <span class='ocrx_word' id='word_1_184' title='bbox 559 3055 569 3081; x_wconf 83' lang='lat'><strong>‚</strong></span> <span class='ocrx_word' id='word_1_185' title='bbox 605 3009 633 3068; x_wconf 86' lang='lat' dir='ltr'>ui</span> <span class='ocrx_word' id='word_1_186' title='bbox 649 3030 683 3071; x_wconf 86' lang='lat' dir='ltr'>ex</span> <span class='ocrx_word' id='word_1_187' title='bbox 697 3028 785 3070; x_wconf 89' lang='lat' dir='ltr'>matre</span> <span class='ocrx_word' id='word_1_188' title='bbox 799 3009 885 3071; x_wconf 77' lang='lat' dir='ltr'>libert</span> <span class='ocrx_word' id='word_1_189' title='bbox 898 3011 1049 3091; x_wconf 79' lang='lat' dir='ltr'>naciJitnt,</span> 
     </span>
     <span class='ocr_line' id='line_1_31' title="bbox 284 3030 1049 3229; baseline 0.01 -85"><span class='ocrx_word' id='word_1_190' title='bbox 284 3088 394 3229; x_wconf 47' lang='lat' dir='ltr'>Ippgell.</span> <span class='ocrx_word' id='word_1_191' title='bbox 408 3085 469 3145; x_wconf 81' lang='lat' dir='ltr'>libr.</span> <span class='ocrx_word' id='word_1_192' title='bbox 485 3086 518 3161; x_wconf 91' lang='lat'>1,</span> <span class='ocrx_word' id='word_1_193' title='bbox 539 3085 572 3145; x_wconf 92' lang='lat' dir='ltr'>de</span> <span class='ocrx_word' id='word_1_194' title='bbox 587 3030 673 3147; x_wconf 52' lang='lat' dir='ltr'>draca</span> <span class='ocrx_word' id='word_1_195' title='bbox 690 3088 847 3165; x_wconf 79' lang='lat' dir='ltr'>dominum,</span> <span class='ocrx_word' id='word_1_196' title='bbox 866 3090 940 3173; x_wconf 83' lang='lat' dir='ltr'>Leg.</span> <span class='ocrx_word' id='word_1_197' title='bbox 955 3108 990 3167; x_wconf 88' lang='lat'>5,</span> <span class='ocrx_word' id='word_1_198' title='bbox 1014 3112 1049 3153; x_wconf 82' lang='lat' dir='ltr'>ex</span> 
     </span>
     <span class='ocr_line' id='line_1_32' title="bbox 274 3180 447 3225; baseline -0.012 0"><span class='ocrx_word' id='word_1_199' title='bbox 274 3180 278 3192; x_wconf 86' lang='lat'><em>&#39;</em></span> <span class='ocrx_word' id='word_1_200' title='bbox 324 3180 447 3225; x_wconf 82' lang='lat' dir='ltr'>arctant.</span> 
     </span>
     <span class='ocr_line' id='line_1_33' title="bbox 284 3238 1054 3326; baseline 0.008 -23"><span class='ocrx_word' id='word_1_201' title='bbox 284 3286 302 3317; x_wconf 53' lang='lat'>‚-</span> <span class='ocrx_word' id='word_1_202' title='bbox 327 3242 469 3318; x_wconf 76' lang='lat' dir='ltr'>Meritoria</span> <span class='ocrx_word' id='word_1_203' title='bbox 505 3238 621 3302; x_wconf 83' lang='lat' dir='ltr'>raditum</span> <span class='ocrx_word' id='word_1_204' title='bbox 641 3242 782 3326; x_wconf 64' lang='lat' dir='ltr'>eslldem</span> <span class='ocrx_word' id='word_1_205' title='bbox 794 3245 888 3324; x_wconf 86' lang='lat' dir='ltr'>prodit</span> <span class='ocrx_word' id='word_1_206' title='bbox 932 3249 1054 3309; x_wconf 82' lang='lat' dir='ltr'>uintilia-</span> 
     </span>
     <span class='ocr_line' id='line_1_34' title="bbox 275 3318 1150 3405; baseline 0.007 -24"><span class='ocrx_word' id='word_1_207' title='bbox 275 3328 357 3397; x_wconf 51' lang='lat' dir='ltr'>(nus,</span> <span class='ocrx_word' id='word_1_208' title='bbox 374 3318 461 3405; x_wconf 71' lang='lat' dir='ltr'>Instit.</span> <span class='ocrx_word' id='word_1_209' title='bbox 500 3338 555 3401; x_wconf 58' lang='lat' dir='ltr'>rat,</span> <span class='ocrx_word' id='word_1_210' title='bbox 565 3318 625 3381; x_wconf 86' lang='lat' dir='ltr'>XII</span> <span class='ocrx_word' id='word_1_211' title='bbox 632 3329 684 3394; x_wconf 79' lang='lat'>,⁴2.</span> <span class='ocrx_word' id='word_1_212' title='bbox 699 3321 815 3393; x_wconf 69' lang='lat' dir='ltr'>Cdnllat</span> <span class='ocrx_word' id='word_1_213' title='bbox 826 3322 916 3390; x_wconf 78' lang='lat' dir='ltr'>Dema</span> <span class='ocrx_word' id='word_1_214' title='bbox 939 3327 1053 3404; x_wconf 81' lang='lat' dir='ltr'>lienem,</span> <span class='ocrx_word' id='word_1_215' title='bbox 1146 3324 1150 3336; x_wconf 62' lang='lat'><strong>¹</strong></span> 
     </span>
     <span class='ocr_line' id='line_1_35' title="bbox 276 3400 1054 3490; baseline 0.004 -28"><span class='ocrx_word' id='word_1_216' title='bbox 276 3410 279 3419; x_wconf 60' lang='lat'><em>¹</em></span> <span class='ocrx_word' id='word_1_217' title='bbox 285 3400 436 3481; x_wconf 77' lang='lat' dir='ltr'>principem</span> <span class='ocrx_word' id='word_1_218' title='bbox 467 3401 584 3472; x_wconf 83' lang='lat' dir='ltr'>omnium</span> <span class='ocrx_word' id='word_1_219' title='bbox 613 3400 736 3483; x_wconf 72' lang='lat' dir='ltr'>Gracia</span> <span class='ocrx_word' id='word_1_220' title='bbox 762 3424 926 3478; x_wconf 87' lang='lat' dir='ltr'>aratorum,</span> <span class='ocrx_word' id='word_1_221' title='bbox 957 3403 1054 3490; x_wconf 65' lang='lat' dir='ltr'>dediffe</span> 
     </span>
     <span class='ocr_line' id='line_1_36' title="bbox 273 3478 1053 3563; baseline 0.013 -23"><span class='ocrx_word' id='word_1_222' title='bbox 273 3482 397 3556; x_wconf 81' lang='lat' dir='ltr'>&#39;operam</span> <span class='ocrx_word' id='word_1_223' title='bbox 414 3478 534 3563; x_wconf 70' lang='lat' dir='ltr'>Platoni.</span> <span class='ocrx_word' id='word_1_224' title='bbox 564 3478 640 3542; x_wconf 81' lang='lat' dir='ltr'>Nam</span> <span class='ocrx_word' id='word_1_225' title='bbox 658 3480 707 3545; x_wconf 84' lang='lat' dir='ltr'>M.</span> <span class='ocrx_word' id='word_1_226' title='bbox 719 3478 925 3559; x_wconf 53' lang='lat' dir='ltr'>Tulliursnan</span> <span class='ocrx_word' id='word_1_227' title='bbox 946 3502 1053 3558; x_wconf 81' lang='lat' dir='ltr'>tantum</span> 
     </span>
     <span class='ocr_line' id='line_1_37' title="bbox 277 3556 1058 3705; baseline 0.009 -82"><span class='ocrx_word' id='word_1_228' title='bbox 277 3556 434 3643; x_wconf 73' lang='lat' dir='ltr'>&#39;sede‘dere</span> <span class='ocrx_word' id='word_1_229' title='bbox 442 3558 546 3644; x_wconf 73' lang='lat' dir='ltr'>scidiis</span> <span class='ocrx_word' id='word_1_230' title='bbox 564 3559 725 3641; x_wconf 78' lang='lat' dir='ltr'>clerorum,</span> <span class='ocrx_word' id='word_1_231' title='bbox 746 3568 876 3647; x_wconf 78' lang='lat' dir='ltr'>quantum</span> <span class='ocrx_word' id='word_1_232' title='bbox 898 3560 1058 3705; x_wconf 49' lang='lat' dir='ltr'>grademiiae</span> 
     </span>
    </p>

    <p class='ocr_par' dir='ltr' id='par_1_10' title="bbox 945 3667 961 3706">
     <span class='ocr_line' id='line_1_38' title="bbox 945 3667 961 3706; baseline 0 0"><span class='ocrx_word' id='word_1_233' title='bbox 945 3667 961 3706; x_wconf 83' lang='lat' dir='ltr'>r</span> 
     </span>
    </p>

    <p class='ocr_par' dir='ltr' id='par_1_11' title="bbox 780 3768 877 3796">
     <span class='ocr_line' id='line_1_39' title="bbox 780 3768 877 3796; baseline 0.01 -1"><span class='ocrx_word' id='word_1_234' title='bbox 780 3768 786 3779; x_wconf 71' lang='lat'><strong><em>‘</em></strong></span> <span class='ocrx_word' id='word_1_235' title='bbox 860 3772 877 3796; x_wconf 73' lang='grc' dir='ltr'><em>Ι</em></span> 
     </span>
    </p>
   </div>
   <div class='ocr_carea' id='block_1_10' title="bbox 0 0 1404 4634">
    <p class='ocr_par' dir='ltr' id='par_1_12' title="bbox 0 0 1404 4634">
     <span class='ocr_line' id='line_1_40' title="bbox 0 0 1404 4634; baseline 0 0"><span class='ocrx_word' id='word_1_236' title='bbox 0 0 1404 4634; x_wconf 95' lang='lat' dir='ltr'> </span> 
     </span>
    </p>
   </div>
  </div>
 </body>
</html>
