2767 4634
394 545 734 630 clanmorem
762 546 903 632 Notnt:
970 574 1052 646 249,

276 663 436 749 ludificem:
449 687 484 728 ne
496 685 548 748 qttu
564 665 672 730 oriatun
679 665 805 746 pecunie
819 665 974 744 cupiditas,
989 671 1045 761 qud

276 764 314 806 ett
324 766 355 806 re
358 743 492 826 suffimen
503 744 584 829 differt
595 746 717 827 tottesque
730 745 901 826 nussunturr
913 763 943 808 ut
954 749 1044 810 amnti

275 825 404 904 equitate
412 823 515 904 plebem
525 826 703 898 contineant,
715 823 848 904 nlmfitas
857 824 965 907 quisque
975 847 1040 907 opes

277 921 339 963 cum
349 903 534 986 potentiffimir
549 904 649 984 oequuri
663 902 767 968 uideat.

293 1048 296 1055 ,
316 979 441 1063 Superest
451 1003 529 1066 ager.
546 983 649 1045 Talem
667 1004 766 1066 agrum
780 980 892 1046 Gallice
905 982 1044 1070 dicimus,

276 1080 332 1122 une
346 1080 418 1122 terre
431 1083 464 1122 en
478 1063 600 1142 iaciture.

317 1138 408 1202 Prata
416 1141 554 1222 separent.
578 1141 755 1206 Fecundiota
771 1146 847 1204 enim
865 1142 927 1204 sunt
943 1163 1042 1224 prata,

277 1215 298 1278 fi
315 1218 488 1301 separentur,
506 1221 591 1304 quim
601 1224 621 1283 sr
632 1244 762 1305 pateant,
773 1243 807 1282 ac
817 1221 868 1282 fint
876 1223 1044 1304 promiscua,

315 1296 397 1360 Bona
411 1301 584 1383 ignorantur.
603 1303 679 1363 Crlm
697 1305 825 1382 pomaria
841 1324 901 1360 non
917 1300 1044 1362 consere·
1149 1300 1159 1312 '

276 1395 339 1439 rent
363 1377 527 1455 Germani,
554 1381 679 1447 mellrbus
701 1384 850 1453 contenti,
871 1378 1054 1440 fruitiferum]

276 1475 440 1520 autumnum
455 1459 633 1538 ignorabant.
658 1458 745 1519 Nunc
760 1459 873 1541 quidem
883 1479 982 1518 omnes
992 1480 1045 1519 au-

277 1542 367 1596 tumni
392 1535 495 1596 fruetus
523 1541 602 1597 novit
624 1535 800 1599 Germania:
826 1558 921 1598 manet
948 1557 1043 1598 tamen

276 1619 376 1675 veteris
397 1617 539 1676 memorie
562 1637 775 1678 monumentum
798 1643 805 1678 :
836 1638 929 1698 neque
955 1618 1045 1676 ullum

277 1693 370 1754 adhuc
380 1713 493 1754 nomen
510 1699 635 1757 autumni
650 1699 817 1778 proprIum:
833 1697 977 1756 communi
990 1717 1045 1754 vo-

277 1773 379 1832 cabulo
400 1773 556 1854 appellatur
576 1774 694 1854 Herbft,
711 1775 742 1835 id
757 1777 797 1836 est
819 1773 930 1849 melfis,
957 1794 1044 1856 quam

278 1872 365 1912 unam
377 1873 514 1914 noverant
526 1872 628 1914 veteres
642 1852 788 1916 Germani.
812 1854 932 1918 Videtur
951 1872 1045 1913 autem

278 1934 387 2012 primos
402 1934 562 1992 mortalium
577 1932 646 1996 duas
659 1932 766 1994 tannim
778 1937 845 1995 anni
857 1954 912 1994 rem
934 1933 1046 2007 estates,

279 2011 398 2072 restarem
416 2018 443 2070 δι
459 2011 600 2087 hiemem,
621 2010 781 2073 observasse.
808 2012 896 2074 Unde
943 2009 1002 2072 oses
1014 2015 1047 2072 in

279 2088 384 2152 Genesi
394 2089 483 2168 VIII,
502 2115 548 2151 22.
571 2091 667 2180 AEjlctt
679 2091 711 2153 cr
724 2091 831 2166 hiems,
850 2112 905 2153 nott
925 2089 956 2152 fs
975 2091 1047 2151 diet.

277 2167 473 2310 {anderten
490 2191 523 2232 ac
534 2169 645 2234 demum
658 2189 779 2256 quatuor
790 2174 857 2234 anni
870 2171 1045 2252 tempestates

299 2271 307 2309 ι
341 2269 437 2314 nuere.

319 2408 396 2470 Cur.
411 2405 541 2470 XXVII.
572 2403 663 2468 Nulla
685 2403 805 2466 ambitio.
837 2404 944 2467 Conni
969 2403 1047 2484 apud

278 2487 425 2550 Romanos
437 2489 567 2548 maxima.
587 2484 624 2546 C.
640 2483 769 2544 Caeeilius
779 2483 913 2544 Claudius
927 2483 1048 2543 lfidorus
1076 2498 1081 2505 ’

273 2563 448 2644 funeratise
459 2562 531 2643 juffit
549 2580 602 2622 u-s
615 2563 671 2632 m,
700 2558 816 2621 Gellicae
833 2582 952 2622 monetae
966 2563 1046 2622 libris
1133 2575 1137 2582 '

282 2647 420 2722 213,984.
438 2641 542 2702 Plinius
559 2637 714 2713 XXXIII,
731 2659 776 2698 ro.
797 2639 868 2700 Haec
881 2641 971 2700 adhuc
981 2645 1045 2720 pri-

279 2726 336 2786 vati
347 2721 460 2796 funera,
471 2729 569 2780 &ante
578 2721 689 2800 imperii
699 2721 805 2778 luxum.
815 2718 944 2797 Atperiti
955 2738 1048 2780 rerum

278 2803 431 2887 efferarunt
453 2800 589 2862 Arabiam
610 2795 764 2938 'wlff‘
791 2817 900 2859 tuntum
925 2798 1046 2859 odorum

277 2901 372 2944 annuo
385 2877 476 2957 fetu,
521 2897 631 2942 uantum
687 2896 732 2938 ero
756 2877 885 2955 princeps
908 2876 1046 2960 noviffunti

279 2959 337 3038 Pop
356 2979 404 3020 ee
414 2957 475 3039 sue
493 2899 538 3022 iic
553 2954 789 3033 concremaverit,
809 2955 881 3018 Plin.
895 2955 973 3030 Xll,
998 2961 1045 3016 18.

348 3037 415 3098 ertit
434 3037 531 3118 lignis.
556 3035 667 3115 Quibus
688 3037 930 3120 lignisignotum.
955 3035 1047 3104 Dim,

281 3137 349 3180 nate
366 3113 441 3174 haud
458 3133 546 3174 vacat.

321 3189 480 3254 Cumuiunt.
507 3190 551 3251 Ut
568 3210 629 3250 mos
648 3186 700 3248 fuit
719 3191 794 3268 apud
808 3190 973 3261 Romanus,
994 3194 1045 3274 qui
1086 3185 1091 3192 ’

283 3272 427 3336 funebrem
445 3269 569 3332 Orientis
586 3266 824 3348 magnificentiam
841 3272 960 3330 aemttlati
975 3269 1045 3331 sunt.

287 3353 335 3419 Sic
349 3350 483 3412 Cornelia
500 3353 531 3411 in
549 3347 689 3410 fimetibus
705 3345 834 3428 Pompeii
852 3347 954 3432 Magni
973 3347 1048 3432 apud

285 3431 433 3496 Lucanum
450 3428 513 3505 IX,
538 3448 603 3505 175.
987 3441 991 3449 ’

353 3529 462 3600 coligit
476 3527 566 3598 vellet,
583 3526 708 3602 miserique
724 3523 827 3598 ἰῐυῖμῑα
840 3527 949 3659 Mirm
1021 3606 1025 3612 .

918 3616 936 3659 Y
