2767 4634
386 558 949 647 D1moms-nomronnus.·
1006 590 1077 667 129

304 714 408 805 cepta
421 690 616 773 rhetorum,
636 708 697 759 aut
711 682 990 787 philosophorum
1004 667 1080 788 plass

305 816 398 878 crta,
411 809 649 890 cognoverant.
661 784 711 858 At
724 784 860 859 hercule
871 788 1076 888 pervulgatis

304 897 380 990 jam
399 888 583 974 omnibus,
609 884 689 959 crim
709 885 765 967 rix
781 885 819 959 in
837 887 968 960 cortind
984 889 1078 989 quis·
1138 884 1146 891 ’

305 1016 413 1088 quam
430 984 588 1074 adnitar,
616 987 676 1085 qui
692 985 871 1059 elementis
887 987 1076 1068 studiorum

238 1131 254 1143 --
305 1100 345 1164 &
358 1088 381 1161 fi
395 1116 467 1161 non
479 1088 677 1175 instructus,
696 1088 833 1159 atcerte
846 1088 998 1163 imbutus
1010 1090 1076 1183 fir,

305 1188 402 1263 novis
424 1198 459 1263 &
483 1185 653 1286 exquisitis
675 1186 878 1285 eloquentie
897 1188 1075 1277 itineribus
1111 1213 1113 1217 ·

305 1316 389 1390 opus
401 1290 464 1375 est,
478 1314 538 1387 per
550 1314 623 1385 quae
636 1310 748 1361 orator
759 1283 931 1361 fastidium
940 1291 1075 1367 aurium

306 1386 468 1489 effugiat,
482 1388 601 1487 utique
613 1385 704 1486 apud
718 1413 775 1459 eos
785 1387 934 1485 judices,
947 1392 1007 1489 qui
1018 1392 1075 1479 vi,
1160 1424 1163 1429 ·

305 1514 364 1561 aut
374 1489 558 1589 potestate,
572 1514 642 1587 non
651 1495 726 1587 jure
739 1495 774 1559 &
788 1486 920 1586 legibus
930 1490 1075 1591 cognos-

302 1614 413 1677 cunt,
439 1598 479 1661 '&
512 1614 575 1663 nec
606 1587 776 1687 accipiunt
808 1611 991 1689 tempora,
1014 1588 1075 1667 sed

305 1689 537 1775 constituunt,
568 1714 633 1761 nec
661 1685 921 1785 exspedandum
946 1688 1075 1767 habent

303 1814 498 1877 oratorem,
512 1788 597 1861 dum
609 1784 662 1859 illi
674 1786 779 1859 libeat
793 1786 921 1888 deipso
932 1791 1075 1891 ¹negotio

306 1889 445 1978 dicere,
461 1886 520 1962 sed
535 1884 617 1988 sepe
633 1884 724 1959 ultro
737 1884 948 1977 admonent,
971 1915 1077 1988 atque

303 1989 373 2063 alib
394 1986 699 2089 transgredientem
717 2013 902 2077 revocant,
927 1998 964 2063 &
979 1988 1075 2065 festi-

304 2117 385 2166 nare
402 2088 436 2163 se
451 2092 622 2163 testantur.
661 2110 668 2127 ·

353 2192 436 2264 XX.
461 2192 573 2282 Qurs
601 2216 690 2261 nunc
714 2186 803 2263 fetet
828 2213 998 2267 oratorem
1025 2190 1072 2267 de

300 2289 503 2365 infirmitate
527 2286 730 2363 valetudinis
753 2286 817 2363 suae
846 2288 1073 2390 praefanrem?

302 2391 417 2492 qualia
433 2388 511 2463 sunt
532 2386 603 2462 fere
624 2390 787 2490 principia
803 2391 969 2464 Corvini..
983 2389 1073 2482 Quis

304 2493 458 2590 quinque
481 2490 518 2562 in
539 2490 688 2564 Verrem
711 2490 817 2563 libros
842 2488 1073 2590 exspectabit?

304 2591 396 2683 Quis
414 2590 459 2663 de
477 2590 669 2689 exceptione
687 2600 724 2665 &
741 2588 888 2661 formula
902 2590 1074 2689 perpetie-

307 2714 363 2764 tur
378 2686 615 2763 illa'immensa
628 2688 806 2763 volumina
821 2744 833 2776 ,
851 2713 924 2785 quae
939 2710 1002 2787 pro
1015 2687 1074 2761 M.

306 2789 514 2879 Tullio,aur
523 2787 567 2863 A.
575 2789 712 2871 Caecind
721 2790 887 2888 legimur?
900 2786 1074 2865 Praecurtit

308 2891 374 2963 hoc
390 2916 546 2993 tempore
558 2888 660 2989 judex
673 2890 873 2976 dicentem,
894 2898 930 2963 &
941 2885 1004 2960 nifi
1015 2911 1075 2967 aut

308 2988 402 3065 cursu
416 3016 697 3093 argumentorum
711 3048 723 3080 ,
742 3016 801 3064 aut
813 2988 927 3064 colore
937 2986 1076 3065 senten·

308 3092 433 3163 riarum
444 3149 456 3180 ,
468 3117 525 3165 aut
534 3092 647 3165 nitore
661 3100 696 3165 &
708 3089 802 3163 cultu
811 3088 917 3165 deseri
940 3092 1075 3163 tionum

307 3191 468 3264 invitatus
492 3201 527 3266 &
548 3216 725 3293 corruptus
742 3190 813 3277 est,
838 3118 1003 3262 metiatur
1022 3190 1079 3263 di-

308 3316 456 3365 centem.
495 3290 630 3393 Vulgus
658 3315 797 3391 quoque
823 3285 1076 3378 adsistentium,

296 3399 346 3465 ·&
371 3390 520 3465 adfluens
546 3402 581 3467 &
606 3418 709 3492 vagus
732 3388 897 3478 auditor,
926 3386 1077 3463 adsuevit

297 3550 301 3557 .
309 3497 384 3591 jam
398 3492 533 3598 exigere
548 3492 724 3583 letitiam,
741 3500 777 3568 δι
791 3487 1080 3668 pulchgitudinem

937 3616 960 3686 v,
