2767 4634
237 565 241 573 Ι
314 606 384 679 132
442 576 768 651 C.Corturrrr
797 579 976 653 Tnerrr

311 698 488 785 effecerit,
514 695 617 796 quim
635 695 791 770 divinum
809 706 880 797 ejus
900 698 1082 801 ingenium

314 799 523 907 postulabar:
544 821 615 869 tarn
630 796 792 884 hercule,
817 798 923 897 quim
935 802 1080 873 Brutum

314 894 533 1005 philosophie
557 893 619 968 suae
647 896 888 996 relinquamus.
927 901 1019 972 Nam
1043 900 1087 971 in.

314 997 524 1077 orationibus
534 996 705 1070 minorem
715 996 780 1071 effe
790 995 882 1069 fami
890 996 1081 1088 suti,etiam

313 1099 537 1177 admiratores
551 1104 621 1195 ejus
633 1093 801 1171 fatentur:
817 1096 879 1169 nifi
892 1096 981 1170 forte
993 1097 1083 1197 quis·

314 1227 422 1301 quam
445 1220 503 1269 aut
529 1194 664 1269 Caesaris
687 1223 749 1297 pro
767 1198 881 1270 Decio
904 1200 1083 1287 Samnite,

313 1326 375 1378 aut
389 1297 484 1371 Bruti
500 1323 561 1398 pto
574 1298 741 1393 Dejotaro
757 1322 863 1396 rege,
886 1296 1082 1396 ceterosque

315 1396 472 1500 ejusdem
481 1396 868 1497 lentitudinisacteporis
877 1396 1084 1499 libroslegit,

315 1498 382 1575 nist
402 1500 462 1597 qui
474 1508 509 1571 &
521 1497 672 1570 carmina
691 1497 894 1571 eorumdem
915 1498 1083 1583 miratur:
1099 1514 1102 1519 ’

318 1599 474 1677 fecerunt
492 1598 584 1673 enim
602 1608 637 1671 &
654 1597 828 1685 carmina,
848 1607 884 1671 &
902 1598 940 1669 in
957 1595 1085 1670 biblio-
1149 1632 1157 1639 ·

318 1702 435 1787 thecas
464 1697 649 1771 retulerunt
672 1754 684 1785 ,
724 1726 796 1770 non
826 1695 948 1770 melitis
980 1696 1085 1795 quim

317 1803 473 1889 Cicero,
503 1822 537 1872 at
568 1795 731 1886 felicius,
761 1798 842 1897 quia
866 1795 943 1870 illos
969 1794 1085 1871 fecisse

321 1902 495 2005 pauciores
507 1897 624 1971 sciunt.
645 1895 780 1971 Asmius
793 1925 949 1997 quoque,
963 1924 1088 1996 quam·

313 2028 428 2100 quam
447 1997 658 2099 propioribus
677 1997 887 2098 temporibus
908 2023 1005 2071 natus
1023 1997 1087 2085 fit,

315 2100 459 2173 -videtur
478 2098 566 2169 mihi
588 2097 676 2169 inter
697 2098 937 2171 Menenios&
957 2098 1087 2212 Appios

322 2196 489 2273 studuiffe.
521 2196 705 2270 Pacuvium
725 2199 839 2287 certe,
864 2208 898 2273 &
919 2197 1086 2288 Accium,

322 2326 396 2373 non
416 2295 525 2370 soltim
549 2296 750 2397 tragoediis,
771 2294 830 2371 sed
845 2293 1091 2371 etiam'oratio-

322 2400 424 2475 nibus
441 2396 507 2471 suis'
522 2396 671 2496 expreffit
688 2423 702 2468 r·
720 2396 807 2473 adeo
822 2398 923 2472 dutus
937 2408 971 2472 &
986 2397 1089 2473 ficcus

318 2502 380 2575 est.
403 2499 526 2573 Oratio
539 2524 679 2587 autem,
695 2496 777 2572 sicut
786 2526 905 2601 corpus
918 2499 1089 2589 hominis,

325 2628 366 2675 ea
382 2599 525 2675 demum
540 2597 678 2698 pulchra
690 2601 759 2688 est,
782 2600 819 2672 in
835 2600 901 2698 qui
916 2627 988 2673 non
999 2600 1089 2673 emi-

321 2726 410 2777 nent
436 2728 551 2789 venae,
577 2728 640 2773 nec
664 2697 733 2769 offa
758 2725 1003 2786 numerantur,
1030 2698 1091 2773 sed

325 2824 530 2899 temperatus
543 2824 579 2867 ac
588 2798 697 2868 bonus
705 2794 836 2894 sanguis
847 2796 969 2892 implet
979 2823 1093 2869 mem-

324 2900 410 2985 bra,
435 2892 638 2990 &exsurgit
661 2893 768 2979 toris,
792 2887 944 2991 ipsosque
965 2921 1089 2971 nervos

322 2997 426 3071 rubor
450 2992 587 3088 tegit&
610 2988 714 3063 decor
733 2992 965 3066 commendat.
996 2995 1090 3070 Nolo

322 3092 514 3169 Corvinum
530 3086 685 3189 insequi,
708 3091 787 3189 quia
806 3118 877 3164 non
901 3119 960 3191 per
979 3092 1090 3194 ipsum

324 3192 439 3280 stetit,
473 3190 656 3290 quominus
691 3190 842 3269 letitiam
870 3194 1088 3293 nitoremque

315 3294 513 3367 nostrorum
532 3317 726 3391 temporum
747 3294 969 3393 exprimeret:
990 3296 1089 3369 vide-

324 3394 430 3469 rimus
441 3451 451 3483 ,
463 3393 602 3490 inquam
616 3391 742 3487 judicio
755 3402 825 3495 ejus
838 3394 886 3474 vis
898 3418 956 3469 aut
966 3395 1090 3487 animi,

297 3518 383 3586 „aut
399 3494 529 3598 ingenii
543 3488 723 3567 suffecerit.
