2767 4634
460 603 858 680 Grannum.
988 622 1041 705 ἠ·

265 723 397 806 virtute
412 723 556 800 sumunt.
577 726 650 800 Nec
665 725 800 828 regibus
812 721 964 818 infinita,
980 755 1040 804 aut

264 831 378 906 libera
396 830 561 930 potestas:
582 837 618 902 &
633 825 735 901 duces
749 828 908 930 exemplo
948 830 1039 905 oritis

294 931 372 1004 uim
386 929 556 1030 imperio:
571 926 785 1030 srprompti,
806 857 1038 1033 srcoodpiicui,

263 959 378 1106 liante
391 1031 503 1102 aciem
515 1052 635 1130 agant,
649 1028 875 1103 admiratione
885 1029 1038 1131 praesunt·

264 1129 462 1218 Ceterum,
487 1155 598 1226 neque
611 1129 903 1219 animadvertere,
923 1158 1037 1231 neque

264 1228 416 1320 vincire,
430 1255 474 1302 ne
488 1229 664 1303 verberare
678 1229 842 1328 quidem,
856 1230 919 1302 nist
928 1229 1038 1306 sacer-

268 1332 405 1408 dotibus
416 1327 718 1432 permillumznon
729 1329 821 1431 quasi
832 1333 870 1402 in
880 1359 1037 1432 poenam,

265 1461 330 1510 nec
342 1431 436 1505 ducis
448 1426 555 1529 juffu,
569 1427 628 1503 sed
641 1429 735 1504 velut
746 1430 814 1506 deo
826 1431 1037 1534 imperante,

264 1561 372 1636 quem
401 1528 514 1604 adello
539 1529 745 1605 bellantibus
772 1531 936 1606 creduntr
961 1533 1036 1608 effi-

264 1633 421 1736 giesque,
435 1639 472 1706 ‘&
483 1627 574 1730 signa
588 1630 744 1730 quaedam
754 1689 765 1720 ,
777 1631 927 1706 detra&
939 1633 1036 1726 lucis,
1129 1710 1132 1714 ,

266 1739 306 1810 in
318 1733 476 1834 proelium
491 1727 617 1805 ferunt.
641 1732 817 1833 Quodque
833 1734 1038 1835 praecipuum

266 1832 476 1911 fortitudinis
490 1832 757 1905 incitamentum
769 1835 815 1904 est
824 1887 836 1919 ,
845 1859 917 1904 non
926 1834 1016 1910 casus
1024 1856 1041 1926 ,’

263 1963 330 2012 nec
345 1931 486 2007 fortuita
502 1931 724 2033 conglobatio
743 1954 891 2010 turmam
904 1959 962 2008 aut
975 1963 1037 2010 cu·

263 2027 468 2112 neumfacit
485 2089 496 2121 ,
520 2030 580 2106 sed
593 2029 731 2106 familia
748 2043 784 2106 δι
797 2032 1036 2135 'propinquita-

262 2164 315 2212 tes
330 2166 339 2208 ε
359 2145 396 2211 &
413 2135 450 2207 in
489 2133 621 2206 roximo
637 2133 800 2236 pignora:
824 2134 916 2208 unde
934 2135 1036 2210 semi-

262 2265 388 2313 narum
404 2161 550 2316 uluiatus
565 2233 699 2323 audiri,
720 2233 961 2335 undevagitus
979 2238 1036 2311 in-

261 2337 442 2414 fantium:
464 2335 501 2408 hi
516 2333 638 2434 cuique
651 2332 842 2408 sanctissimi
855 2338 977 2426 testes,
997 2339 1038 2412 hi

262 2437 411 2514 maximi
428 2434 627 2510 laudatores.
650 2434 709 2510 Ad
721 2461 871 2528 matres,
891 2437 935 2512 ad
951 2466 1037 2515 con-

262 2549 363 2640 juges
374 2536 514 2610 vulnera
525 2534 637 2611 ferunt
650 2566 659 2608 r
672 2565 735 2612 nec
751 2537 816 2611 illae
830 2556 1010 2615 numerare
1023 2598 1036 2630 ,

264 2661 329 2713 aut
352 2635 487 2736 exigere
503 2637 613 2738 plagas
634 2663 771 2739 pavent.
800 2637 977 2735 Cibosque
998 2647 1036 2714 &c

260 2737 459 2814 hortamina
481 2738 709 2838 pugnantibus
729 2736 868 2839 gestant.
1121 2805 1126 2816 ,

309 2839 409 2914 VIII.
433 2839 673 2914 Minoum
695 2838 851 2939 proditur
868 2833 1032 2938 quasdam
1128 2857 1135 2866 ’

263 2937 351 3035 acies
366 2961 386 3028 ,'
407 2937 585 3012 inclinatas
614 2948 713 3040 jam,
741 2949 778 3014 &
808 2938 960 3013 labantes
974 2994 997 3034 ,Ι
1011 2966 1040 3012 a·

260 3036 399 3113 feminis
412 3039 599 3130 restitutas,
618 3038 802 3114 constantii
813 3067 974 3142 precum,
994 3049 1032 3115 &

262 3135 400 3238 objedbu
412 3143 609 3240 pedorum,
629 3151 665 3216 dc
682 3140 863 3215 monstrati
877 3141 1035 3214 cominus

262 3239 478 3356 captivitate,
499 3270 604 3342 quam
616 3241 719 3344 longd
730 3241 961 3346 impatientius
976 3237 1032 3314 fe·
1075 3248 1078 3252 ’

261 3363 432 3416 nunarum
450 3341 585 3429 suarum
600 3345 742 3419 nomine
752 3368 877 3420 timent
893 3371 902 3416 t
920 3334 1030 3432 adeo,
1136 3377 1139 3381 ·

259 3464 299 3513 ut
314 3439 481 3520 efficaciis
497 3443 693 3546 obligentur
706 3447 812 3520 animi
828 3443 1030 3532 civitatum,

258 3541 1031 3654 quibusinteroblidespuellaquoquenobilet
