2767 4634
348 571 393 647 32
457 546 501 619 C.
529 545 795 618 Conutrrr
824 537 1012 620 nem

345 663 542 765 eloquenti&
552 662 889 764 percoluere,rerum
899 664 968 739 fide
979 665 1118 740 tradem·

346 791 413 841 tur.
439 765 632 852 Britannia,
647 762 853 854 insularum,
866 793 949 866 quas
959 769 1121 847 Romana
1211 854 1214 858 A

346 869 470 944 notitia
486 864 748 967 complectitur,
768 865 940 958 maxima,
958 865 1063 968 spatio
1077 897 1115 941 ac

346 968 429 1042 ctelo
451 968 487 1041 in
505 968 690 1042 Orientem
710 969 928 1058 Germanic,
951 969 986 1040 in
1011 971 1119 1041 Occi-

343 1070 490 1144 dentem
513 1066 679 1170 Hispaniae
699 1067 926 1142 obtenditur:
951 1067 1058 1141 Gallis
1079 1071 1119 1144 in

346 1169 539 1244 Meridiem
557 1169 873 1272 etiaminspicitur:
893 1169 1121 1270 Septemrrio·

346 1270 438 1344 nalia
466 1279 565 1372 ejus,
596 1269 697 1344 nullis
725 1269 842 1343 contre
871 1271 993 1358 terris,
1026 1273 1120 1344 vasto

346 1395 451 1472 atque
477 1395 593 1474 aperto
623 1371 709 1445 mati
736 1369 916 1471 pulsantur.
958 1373 1120 1447 Formam

295 1541 297 1547 ,
347 1475 453 1548 totius
469 1473 648 1547 Britanniae
666 1472 782 1545 Livius
798 1494 977 1559 veterum,
999 1472 1120 1547 Fabius

344 1575 503 1649 Rusticus
519 1574 731 1660 recentium,
756 1569 1020 1670 eloquentiffimi
1038 1599 1119 1644 auc-

349 1697 463 1764 tores,
486 1674 642 1774 oblongae
657 1669 792 1745 scutulae
806 1671 860 1745 vel
877 1671 1017 1773 bipenni
1033 1671 1122 1745 adsr-

351 1775 523 1850 mulavere
540 1803 548 1846 ι
572 1783 607 1847 &
622 1774 669 1845 est
686 1799 727 1846 ea
741 1769 842 1846 facies
863 1772 947 1845 citra
966 1771 1120 1848 Caledo-

349 1878 468 1963 niam,
495 1873 587 1948 unde
611 1873 706 1946 &in
734 1870 927 1946 universum
954 1870 1047 1947 fama
1072 1877 1121 1948 est

348 1972 569 2076 transgressa:
595 1971 656 2063 sed
678 1969 888 2046 immensum
915 1984 951 2049 δι
975 2001 1120 2049 enorme

350 2077 494 2178 spatium
517 2074 789 2176 procurrentium
812 2095 965 2148 extremo
981 2082 1052 2175 jam
1074 2075 1121 2148 li·

349 2203 424 2254 tore
436 2199 620 2263 tertarum,
634 2173 776 2248 velutin
789 2200 938 2248 cuneum
953 2200 1122 2265 tenuatur.

350 2282 449 2353 Hanc
461 2301 558 2349 oram
573 2275 742 2360 noviffimi
761 2276 862 2350 maris
875 2301 955 2350 tunc
991 2275 1118 2352 timirm

349 2380 509 2452 Romana
523 2375 627 2449 claffis
640 2377 884 2466 circumveda,
896 2375 953 2449 ins
983 2405 1038 2450 am
1051 2379 1119 2454 effe

346 2476 560 2552 Britanniam
572 2477 840 2568 adfirmavit,ac
852 2476 951 2550 simul
963 2479 1119 2579 incogni-

349 2603 399 2652 tas
417 2578 514 2651 adid
533 2603 667 2681 tempus
689 2579 834 2668 insulas,
860 2605 943 2679 quas
962 2579 1118 2654 Orcadas

346 2704 491 2767 vocant,
505 2679 657 2772 invenit,
673 2681 895 2778 domuitque:
912 2679 1058 2779 dispedta
1070 2685 1121 2755 est

347 2791 384 2855 dc
396 2778 535 2870 Thule,
554 2807 659 2880 quam
674 2783 834 2854 haetenus
847 2777 928 2864 nix,
952 2789 988 2852 &
1004 2780 1118 2856 hieme

346 2879 517 2960 abdebat:
532 2880 590 2957 sed
601 2907 695 2956 mare
703 2882 838 2979 pigrum
848 2885 884 2947 δι
897 2900 998 2974 grave
1013 2883 1117 2954 remi-

347 2984 504 3084 gantibus
532 2982 740 3084 perhibent:
767 3001 811 3048 ne
837 2974 947 3050 ventis
971 2978 1116 3077 quidem

346 3085 487 3182 perinde
499 3082 607 3156 attolli
620 3109 628 3150 ε
640 3077 744 3150 credo
755 3073 850 3175 quod
864 3077 1004 3152 rariores
1019 3105 1114 3156 terrae

344 3183 546 3281 montesque
567 3235 578 3266 ‚
604 3174 701 3250 causa
718 3205 756 3249 ac
775 3179 916 3252 materia
932 3184 1113 3281 tempesta-

345 3303 445 3372 tum,
470 3294 504 3356 &
524 3275 692 3379 profunda
710 3278 819 3353 moles
834 3281 987 3354 continui
1010 3286 1112 3357 maris

343 3383 470 3457 tardius
482 3377 678 3478 impellitur.
690 3381 856 3456 Naturam
865 3383 998 3456 Oceani
1008 3409 1112 3484 atque

339 3481 429 3558 estiis
441 3505 553 3580 neque
569 3505 717 3582 querere
731 3482 829 3585 hujus
847 3484 958 3585 operis
974 3486 1021 3560 est
1030 3543 1047 3578 ,
1065 3514 1108 3578 ac
