2767 4634
347 621 395 682 '22
463 605 793 682 C.Co·nur·irr
824 605 1004 680 Tncrrr

347 751 492 824 tumque
508 723 658 812 sociam,
683 723 778 797 idem
791 724 827 797 in
842 753 948 825 pace,
968 727 1062 801 idem
1075 725 1113 802 in

240 867 242 872 ,
372 826 467 899 roelio
505 822 646 897 assutam
659 821 903 924 ausuramque:
924 829 989 899 hoc
1006 828 1113 926 junsii

347 854 550 1012 ioves‚i10c
562 946 693 1026 paratus
705 951 832 1023 equus,
850 925 914 998 hoc
926 925 1008 999 data
1019 955 1115 1000 arma

349 1026 561 1100 denuntiant.
596 1024 648 1096 Sic
671 1025 881 1114 vivendum,
904 1023 947 1098 src
969 1050 1115 1121 pereun-

347 1126 454 1199 dum:
473 1126 624 1226 accipere
638 1122 699 1215 se,
720 1152 794 1225 qua
815 1124 929 1198 libetis
945 1125 1115 1201 inviolata

345 1253 383 1299 ac
409 1225 445 1298 di
470 1254 512 1299 na
535 1224 680 1315 reddat,
703 1253 777 1325 quae
791 1251 899 1299 nutus
917 1225 1112 1328 accipiant,

344 1253 517 1423 rursusque
537 1325 582 1413 ad
602 1335 744 1429 nepotes
764 1325 925 1400 reserant.

392 1428 492 1510 XIX,
518 1429 551 1498 Ἐ
560 1441 639 1499 noo
661 1425 761 1528 septi
789 1423 952 1525 pudicitii
979 1446 1112 1527 agunt;

343 1525 445 1640 nuliis
466 1523 744 1640 ’spestaculorum
772 1526 978 1616 inlecebris,
1009 1527 1110 1601 nullis
1153 1589 1162 1602 .

342 1651 576 1700 conviviorum
589 1627 840 1702 imitationibus
853 1651 1024 1729 corrupta.
1049 1629 1111 1700 Li-

342 1750 491 1800 tetarum
516 1725 641 1801 secreta
666 1729 730 1800 viri
758 1730 882 1830 pariter
907 1757 945 1801 ac
973 1725 1110 1801 semina

340 1826 514 1927 ignorant.
554 1827 750 1902 Pauciffima
773 1829 810 1901 in
834 1855 906 1903 tam
928 1827 1109 1902 numerosi

341 1953 443 2028 gente
460 1927 650 2016 adulteria,
676 1955 823 2028 quorum
835 1957 935 2027 poena
970 1927 1109 2017 raesens,

340 2039 377 2100 &
391 2029 519 2100 maritis
534 2025 699 2126 permissa.
725 2027 851 2100 Accifis
865 1957 1032 2114 criniius,
1047 2053 1108 2100 nu·

339 2126 474 2217 datam,
486 2153 602 2200 coram
613 2127 811 2229 propinquis
820 2184 832 2216 ‚
840 2126 986 2227 expellit
999 2127 1107 2200 domo

337 2229 504 2318 maritus3
528 2255 566 2304 ac
585 2249 645 2330 per
665 2255 809 2301 omnem
830 2228 945 2301 vicum
964 2227 1107 2304 verbere

336 2330 428 2430 agit:
451 2327 627 2431 publicata:
643 2329 738 2402 enim
754 2329 924 2431 pudicitia
940 2328 1033 2402 nulla
1045 2355 1106 2401 ve-

216 2467 229 2478 ..
260 2422 264 2430 ¹
323 2449 412 2502 nra:
429 2458 500 2502 non
514 2427 626 2503 sormi
636 2486 647 2519 ,
671 2457 742 2503 non
755 2441 878 2519 aetatc,
900 2458 971 2502 non
984 2427 1112 2541 opibus

334 2529 496 2603 maritum
507 2531 685 2605 invenerit.
709 2533 823 2605 Nemo
835 2532 927 2605 enim
942 2528 1010 2603 illic
1022 2529 1104 2601 vitia

335 2630 446 2704 ridet:
468 2659 531 2706 nec
548 2657 764 2733 corrumpere
780 2642 817 2706 &
831 2658 964 2704 cottum
990 2630 1027 2716 i,
1047 2627 1104 2701 sae-

334 2730 452 2805 culum
466 2747 613 2803 vocatur.
634 2732 764 2802 Melius
777 2731 952 2823 quidema
978 2729 1043 2796 huc
1055 2755 1102 2799 eae

333 2830 486 2902 civitates
503 2883 514 2917 ,
532 2829 572 2898 in
586 2827 709 2923 quibus
723 2823 858 2895 tantiam
871 2823 1017 2920 virgines
1036 2851 1101 2896 nu·

255 2987 256 2992 ,
333 2930 444 3016 bunt,
471 2937 507 3000 &
525 2952 603 2996 cum
623 2922 679 3018 spe
699 2947 848 3019 votoque
867 2923 978 2994 uxoris
995 2921 1101 2998 semel

269 3054 272 3068 ⁴
333 3026 535 3126 transigitur.
550 3023 602 3094 Sic
617 3049 725 3094 unum
741 3022 909 3121 accipiunt
924 3024 1099 3115 maritum,

332 3154 402 3226 quo
425 3123 531 3198 modo
555 3149 660 3196 unum
684 3149 833 3225 corpus,
859 3151 1032 3224 unamque
1047 3127 1100 3199 ‹vi-

332 3251 405 3300 tam
420 3283 430 3314 ,
454 3253 497 3300 ne
511 3221 580 3297 ulla
595 3223 756 3326 cogitatio
772 3222 858 3297 ultra
873 3283 884 3314 ,
902 3252 945 3298 ne
959 3225 1099 3326 -iongior

332 3326 520 3426 cupiditas,
547 3351 591 3397 ne
618 3349 793 3424 tamquam
824 3326 1010 3413 maritum,
1039 3324 1099 3400 sed

328 3451 510 3527 'tamquam
529 3425 788 3499 matrimonium
810 3450 937 3498 ament.
966 3427 1097 3502 Nume-

333 3551 411 3606 tum
424 3527 610 3610 liberorum
623 3525 721 3604 finite
731 3584 745 3622 ,
765 3551 822 3604 aut
833 3552 1044 3631 quemquam
1057 3554 1102 3625 eu
