2767 4634
328 608 378 656 nt
411 580 714 656 Onnrorttaus
745 578 915 665 Nora„
951 613 1021 684 357

253 700 365 785 inquies
377 703 535 763 mortalium
550 704 678 774 animur,
699 699 766 759 dum
780 704 915 781 praeterita
927 702 1021 765 laudat

147 854 150 860 ¹
257 798 406 863 tempora,
423 782 565 863 prasentia
577 780 698 854 fastidit,
720 778 811 841 futura
823 802 902 865 optat
914 779 1020 863 sperat·
1145 795 1148 801 '

256 878 312 943 que
326 859 433 943 semper
444 864 570 924 meliora·
594 860 641 923 De
658 879 764 941 magno
777 882 853 956 anno
864 864 945 943 plura
960 886 1021 924 non

256 940 428 1017 addiderim,
451 941 572 1003 maxime
584 938 649 1001 edm
662 940 736 1000 hanc
755 961 897 1001 materiam
915 943 1021 1004 emditd
1143 1009 1145 1014 ,

199 1050 203 1055 -
257 1023 411 1082 tradiaverit
424 1020 472 1083 cl.
482 1022 516 1082 de
526 1024 553 1082 la
564 1020 682 1094 Nauae,
703 1018 852 1083 Mstnoirer
868 1019 903 1081 de
919 1020 1021 1083 Μαι-

256 1097 342 1162 dtinie
362 1100 466 1184 stnyale
489 1099 537 1163 des
561 1098 769 1181 inscriptions,
796 1100 884 1161 Tom.
906 1098 997 1167 XXII
1013 1120 1025 1177 ,·

256 1200 324 1261 pag.
338 1184 374 1241 82
388 1188 415 1241 δι
429 1179 507 1265 seqq.
534 1181 568 1241 Id
585 1200 672 1241 unum
685 1183 899 1239 memoraverim
913 1226 922 1253 ,
944 1182 1023 1265 quod
1046 1236 1050 1245 .

255 1280 316 1323 uon
341 1262 379 1321 ita
403 1278 586 1343 compertum·
616 1259 757 1340 Magnum
778 1278 893 1341 quoque
916 1280 1022 1322 annum

254 1336 358 1400 liabent
382 1340 539 1418 Sinenses,
571 1336 636 1399 crim
659 1338 880 1418 conjunguntur.
894 1340 1021 1418 planete.

254 1416 362 1481 Recens
373 1422 517 1483 inventum
524 1465 533 1495 ,
548 1438 601 1478 nee
610 1414 768 1497 usurparunt
780 1437 844 1479 ante
855 1418 1021 1500 Dynastiam

253 1495 418 1579 Principum
438 1500 528 1574 Han,
551 1519 613 1582 quat
625 1499 764 1577 imperare
778 1500 864 1581 coepit
875 1519 951 1558 anno
963 1518 1020 1575 205

253 1598 319 1639 anre
330 1576 425 1643 iesum
438 1578 587 1639 Christum.
619 1574 683 1637 Nec
697 1577 869 1639 constantem
882 1578 958 1659 apud
972 1601 1021 1640 eos

256 1655 310 1717 esse
328 1678 358 1715 m
417 1660 427 1719 i
446 1659 518 1719 illius
537 1659 604 1718 anni
623 1655 820 1735 durationem,
843 1658 900 1717 lroc
922 1658 1020 1719 sarculo

256 1677 416 1797 certiffitddn
426 1758 600 1819 compertum
626 1736 783 1798 habuimus.
819 1736 955 1817 Nempe,
979 1736 1022 1799 uti

256 1818 416 1957 :gcepgmss
426 1839 465 1957 {ix
477 1820 565 1958 literids⁸
574 1815 638 1877 Mis.
651 1816 748 1958 3ῗὲ
757 1815 862 1911 siaubil
875 1817 941 1878 Soc.
956 1817 1022 1883 Jesu

256 1974 292 2034 ad
304 1916 540 2039 ls’ratseutesdlugci’rt
553 1916 658 2060 sdripsit
671 2026 681 2054 ,
700 1917 912 2059 eduilsiltdiids,
923 1916 1023 2053 ssdss:

256 2052 374 2130 Venus,
392 2056 546 2123 Metaurus
566 2058 660 2128 mense
680 2059 807 2135 Martie,
830 2079 905 2117 anno
923 2078 995 2133 1725
1011 2104 1022 2135 ,

135 2163 149 2188 ι
255 2134 473 2213 proximassent,
490 2137 617 2200 Sinenses
632 2138 823 2207 Mathematici
841 2138 930 2211 statim
947 2159 1022 2207 ton-

254 2212 358 2289 finxere
382 2213 531 2300 quamdam
554 2219 664 2280 Saturni
691 2222 1020 2312 appropinquationem,

192 2330 201 2339 -‹
254 2314 408 2377 eorumque
437 2320 501 2359 cum
525 2300 593 2357 Sole
617 2298 756 2381 Lundque
780 2296 1028 2376 commistionem.¹

255 2372 327 2434 Mox
346 2376 511 2457 Imperatori
536 2375 722 2457 Yong-tthing
743 2376 852 2436 libellos
874 2377 1022 2453 obtulere,
1091 2386 1098 2400 “

200 2456 213 2485 '
255 2459 283 2510 8(
294 2453 368 2514 hanc
378 2458 589 2551 renovationem
601 2454 760 2514 saeculorum
769 2458 796 2522 ei
808 2457 937 2537 gratulati
950 2456 1021 2517 sont.

256 2529 1021 2695 dieffitiipiiidiidiiliidissidiis&

255 2688 308 2750 suis
330 2695 359 2750 in
380 2692 476 2753 edisiis
496 2692 635 2776 lapillimd
654 2694 827 2775 publicavir3
851 2701 879 2753 ἃ
901 2694 1022 2756 tribunal

256 2768 485 2833 Mathematieum
501 2776 531 2833 in
542 2774 758 2836 'memorialibus
775 2770 827 2834 suis
844 2774 1020 2841 historiarum

256 2850 331 2911 libris
350 2849 470 2934 scripsit:
494 2854 606 2913 «Anno
627 2856 707 2914 tertio
727 2856 905 2935 imperatoris
924 2854 1020 2937 Yong-

257 2928 400 3013 t›ttdittg,
415 2930 535 2995 secundi
549 2933 650 3009 Luni,
664 2933 716 2993 suit
728 2932 831 3017 septem
844 2935 1020 3015 planetarum
1046 2986 1051 2993 .

256 3012 481 3085 »conjundiion
514 3013 596 3074 Pater
620 3016 728 3095 Kegler
748 3061 758 3088 ,
782 3014 931 3079 Societatit
955 3012 1020 3080 iesu

257 3086 495 3163 Mathematicus,
522 3112 576 3171 pro
595 3093 666 3149 virili
685 3111 764 3171 parte
785 3096 881 3155 enixus
903 3097 966 3169 est',
990 3114 1021 3156 ut

256 3166 286 3227 id
306 3172 526 3229 commentitium
544 3166 687 3228 &salsum
706 3168 939 3249 esse'Impetatoti
956 3196 1022 3254 per·

256 3244 389 3308 suaderet.
410 3248 554 3309 Praevaluit
573 3245 693 3308 Sinenfis
717 3246 847 3308 adulatio.
875 3250 946 3311 inde
959 3273 1021 3312 ma-

259 3325 391 3388 niseiiunt¹
411 3330 477 3404 eii,
508 3328 592 3411 quim
619 3324 749 3387 leviistutd
775 3326 903 3389 advertiis
930 3328 1020 3392 sacros

259 3404 405 3466 Hebraicae
424 3409 569 3489 Scriptura
583 3406 668 3467 libros
678 3428 702 3488 ,a
716 3408 859 3468 nonnullis
875 3407 1020 3483 objiciatur

258 3484 351 3557 suniiis
362 3482 524 3562 eoniuadiio
536 3534 545 3563 ,
558 3510 620 3573 qua
629 3486 714 3548 fertur
723 3486 868 3568 contigisse
878 3486 926 3549 sub
935 3488 1020 3551 Prin-

259 3566 322 3649 cipe
341 3563 553 3631 schotto—Hirr.
586 3568 680 3647 Hujus
696 3568 875 3651 Imperatoris
888 3571 967 3634 initia
985 3572 1021 3636 ad
