2767 4634
493 589 865 672 Dtaroen·
980 597 1053 676 in
1149 600 1153 620 '

277 715 377 817 quod
385 715 422 789 ln
433 713 510 789 soro
522 712 1050 819 nobilissimum&incortuptum

276 819 449 919 supererat
462 813 571 914 sequi,
585 839 739 888 veterum
753 839 927 889 oratorum
938 835 1052 896 exem·

277 919 415 1024 planon
426 915 549 991 eidem
557 914 759 1012 eloquentia
767 916 931 1017 unquam
939 923 1051 995 nostra

278 1045 350 1092 non
365 1015 481 1093 ferunt
495 1041 674 1116 tempora,
699 1013 758 1088 sed
775 1018 847 1116 pari
865 1019 1049 1094 constantis
1076 1072 1080 1080 ·

279 1117 428 1192 aemulari
441 1121 533 1218 „pto
549 1114 638 1190 virili
651 1139 746 1217 parte
759 1116 919 1190 adversita
927 1119 1050 1205 immi-¹

279 1219 396 1312 nentia
408 1220 499 1290 mala
512 1244 569 1290 me
582 1215 781 1388 accinpere,
795 1217 968 1292 &civium
980 1217 1050 1293 for·

278 1311 400 1409 tonas,
424 1319 654 1433 dignitatem,
688 1315 817 1388 alutem
841 1320 939 1391 tueri.
973 1319 1050 1412 At,

273 1435 318 1492 ‘ut
331 1419 437 1493 modo
447 1419 537 1504 dixi,
551 1442 674 1489 naturae
690 1415 758 1488 alib
772 1415 918 1489 trahenti
928 1445 1047 1520 parere

279 1517 401 1622 julius,
422 1518 467 1590 ad
485 1516 766 1614 tranquilliora&
781 1513 945 1590 securiora
959 1520 1048 1594 Mu·

278 1617 391 1694 sarum
413 1617 518 1710 ¹castra
553 1613 728 1716 transfugi.
770 1615 902 1687 Attiano
931 1644 1051 1695 tamen

275 1712 381 1793 haret
392 1715 524 1819 semper
537 1711 605 1788 soti
621 1731 718 1788 amor
731 1723 767 1787 δι
782 1741 871 1787 cura.

340 1836 393 1893 tta
413 1821 520 1892 Saena
543 1817 671 1904 etiam,
689 1814 769 1887 ciam
783 1814 1051 1901 meditabundus

275 1919 430 2020 solusque
444 1915 655 2006 obambulo,
676 1913 714 1986 in
729 1909 877 1988 forenses
892 1917 1048 2016 revolvor

279 2021 529 2122 cogitationes,
555 2043 761 2114 mecumque
783 2041 902 2118 reputo
923 2019 1047 2096 veteris

277 2121 477 2219 eloquentia
491 2117 623 2208 casum,
638 2115 754 2191 diserti
764 2119 866 2208 nostri
880 2116 1046 2199 sermonis

277 2221 468 2320 originem,
494 2218 665 2320 utriusque
688 2215 798 2292 causas
817 2229 852 2292 &
872 2220 1044 2298 utilitates.
1082 2247 1088 2256 ’

276 2321 373 2414 Quid
387 2317 448 2392 hac
463 2311 559 2420 super
573 2347 608 2412 re
621 2319 708 2391 mihi
722 2317 832 2391 visum
846 2319 1044 2420 explicabo,

272 2449 345 2498 non
357 2419 612 2494 contradicendi
622 2417 750 2504 studio,
764 2444 874 2514 neque
885 2443 923 2491 ut
933 2418 1044 2496 sensus

235 2596 239 2600 ,
275 2504 373 2596 meo's
390 2517 608 2620 persuadeam
621 2546 632 2613 3
647 2513 706 2590 sed
719 2516 805 2588 utin
820 2516 881 2590 hac
895 2517 1045 2620 disputa·

274 2620 370 2695 tione
417 2641 502 2690 artes
529 2643 621 2689 meas
644 2613 833 2714 impleam,
858 2619 980 2688 nostris
1000 2646 1045 2694 ue
1077 2630 1078 2635 ’

272 2719 329 2798 vel
345 2647 555 2792 disordibus
569 2713 744 2790 sententiis
756 2713 864 2813 magis
880 2647 1044 2797 elucescat

272 2821 404 2895 veritas.
443 2815 597 2920 Ignoscat
622 2817 738 2915 itaque
760 2813 876 2917 Aper,
899 2814 924 2888 st
945 2817 1047 2919 huius

272 2919 435 3022 temporis
455 2919 593 3020 ingenia
612 2926 783 3018 majorum
803 2918 948 3016 ingeniis
968 2947 1041 2996 nott

271 3017 471 3107 anteferam,
482 3020 675 3093 licdtnostta
684 3017 1040 3122 minimddeptimam.

271 3123 326 3198 Ne
338 3115 527 3194 succenseat
537 3115 699 3204 Messala,
713 3145 819 3217 quem
830 3143 867 3192 tu
880 3148 1042 3221 quoque,

270 3216 449 3305 Secunde,
467 3214 650 3290 adsedatus
663 3242 709 3288 es.
732 3216 848 3306 Vitia,
861 3245 934 3315 quae
949 3249 1039 3297 acer·

271 3320 392 3405 time,
422 3340 460 3389 ut
487 3315 727 3418 integerrimos
754 3314 898 3390 decebat
923 3317 1012 3394 vitos
1023 3344 1041 3415 ,¹

272 3415 481 3518 exagitastis,
503 3443 568 3518 ego
586 3417 709 3518 pariter
722 3415 793 3491 odi.
822 3418 896 3496 Vos
919 3443 1038 3496 tamen

268 3516 462 3642 ¹plaetoribus
482 3516 575 3596 haud
593 3517 642 3596 ita
661 3514 809 3601 infensos
834 3516 1038 3630 volumem,
