2767 4634
324 620 376 671 na
403 593 708 670 ostroinos
737 591 882 665 Nora.
941 603 1008 688 361

282 712 398 794 Quanta
411 734 503 775 autem
518 712 664 795 impendia
681 715 713 773 in
730 712 1013 796 congiariisRomani

244 794 430 876 Imperatores
442 793 557 855 fecerint
570 793 774 873 explicaturus,
796 797 1013 873 praemouuerim

244 878 390 956 congiaria
397 875 460 935 data
473 872 549 935 fuisse
560 874 636 953 plebi
642 872 911 967 Romanae,ejusque
919 876 1015 955 pueris

242 954 278 1015 ab
289 954 438 1023 undecimo
454 956 538 1015 aetatis
551 974 646 1027 anno,
661 955 825 1034 sapentiam
837 953 1012 1015 minoribus:

240 1035 290 1095 Au
312 1035 371 1094 usto
385 1034 532 1114 Principe,
546 1034 689 1115 congiaria
699 1029 851 1113 pervenisse
861 1032 897 1093 ad
907 1035 1024 1110 citium¹

243 1054 333 1175 miliia
346 1134 501 1197 numquam
513 1114 605 1173 minus
622 1114 828 1196 quinquaginta
842 1119 869 1171 &
882 1113 1015 1177 ducentas

242 1192 336 1253 Immo
351 1192 409 1275 ipse
422 1214 497 1253 anno
514 1193 658 1253 tribunitiae
674 1190 727 1252 suae
741 1192 884 1272 potestatis
902 1192 1015 1254 duode-
1082 1236 1084 1242 ·

225 1271 391 1346 ‘vicefimo,
403 1270 498 1334 consul
507 1272 586 1347 XII,
600 1272 728 1333 trecentis
742 1279 770 1329 &
781 1271 881 1350 viginti
891 1272 1014 1332 millibus

243 1352 337 1434 plebei
356 1352 482 1416 Urbanae
502 1352 587 1411 dedit.
623 1349 713 1409 Porro
736 1347 818 1423 crim,
840 1348 875 1409 ab
892 1348 1015 1433 Augusti

243 1434 426 1513 principatu,
445 1434 513 1491 novi
530 1433 603 1489 cives
620 1430 650 1493 in
667 1428 750 1491 tribus
771 1425 878 1509 semper
896 1428 1014 1516 adlege-

244 1531 363 1587 rentut,
389 1511 497 1589 semper
518 1509 664 1589 ampliatus
686 1508 717 1568 sit
738 1510 843 1569 civium
861 1530 1015 1583 nutricius,

244 1592 355 1654 nullum
369 1592 420 1649 erit
439 1586 663 1668 amplificationis
675 1590 852 1670 periculum,
876 1587 1016 1655 fiaJulio

235 1667 355 1745 ,Caesare
372 1666 574 1742 adTrajanum
588 1688 642 1728 con
664 1671 733 1734 iaria
750 1668 874 1729 ducentis
890 1675 919 1727 δι
951 1671 1016 1729 uin·

267 1748 382 1830 uaginta
401 1745 550 1807 hominum
569 1688 714 1824 millibus,
730 1770 748 1809 a
768 1748 897 1822 Traiano
918 1688 954 1808 ab
971 1746 1017 1809 M.

245 1768 394 1889 buschum
408 1826 587 1888 Antoninum
603 1873 612 1901 ,
630 1825 696 1889 crim
709 1828 803 1889 Roma
818 1826 869 1890 sirit
880 1825 1017 1912 frequen*

249 1905 347 1969 tiffima
359 1915 387 1967 &
401 1928 507 1989 magna
520 1906 683 1989 Principum
698 1906 866 1983 liberalitas,
887 1910 1017 1969 trecentis

248 1986 370 2049 millibus
409 1985 541 2049 ervenisse
558 1990 771 2069 computaveris.
794 1986 893 2049 Postea
904 1989 949 2047 vel
960 1990 1018 2047 im·
1114 1986 1117 1992 ’

249 2069 356 2127 minuta
399 2067 453 2127 rbis
468 2066 642 2149 frequentia,
661 2068 706 2129 vel
717 2067 843 2129 adstricta
853 2066 1024 2148 Principum.
1049 2120 1051 2125 .

135 2195 145 2218 .
246 2146 411 2224 liberalitas,
428 2165 457 2207 ut
470 2168 537 2207 mox
548 2148 579 2207 in
589 2147 726 2228 Septimio
736 2148 840 2209 Severo
851 2146 1016 2208 videbimus.

246 2228 287 2289 At
296 2224 368 2289 cert&
376 2241 433 2288 tum
442 2230 525 2289 etiam
534 2228 679 2309 congiaria
688 2248 801 2288 centum
809 2229 1018 2308 quinquaginta

245 2306 366 2367 millibus
380 2307 528 2369 hominum
547 2304 710 2385 pervenere.
729 2306 824 2363 immo
837 2305 880 2364 his
895 2308 1017 2365 rationi-

246 2386 296 2445 bus
333 2383 463 2445 lulimtim
476 2386 636 2445 minuentur
653 2383 1018 2483 congiariorumimpensae.
1050 2439 1055 2447 .

248 2407 357 2525 Verrim
380 2466 504 2523 minuere
525 2460 638 2541 potiris,
665 2483 751 2544 quam
770 2482 874 2543 augere
894 2462 1026 2543 expedit..

233 2538 387 2605 'Immensa
406 2538 497 2603 adhuc
517 2538 594 2607 exsut
615 2560 642 2601 et
658 2544 842 2625 pecuniarum
858 2537 965 2617 suranna
983 2546 1017 2603 ira

245 2622 396 2700 congiariis
417 2618 545 2714 expensa.
613 2618 693 2695 dde,
719 2641 748 2682 ut
769 2621 811 2679 Im
834 2623 1016 2684 cratoriarum

246 2692 428 2839 larpirionum
445 2720 503 2759 vim
520 2700 678 2780 intelligas,
702 2720 805 2841 quema
855 2699 940 2760 odum
956 2723 1016 2781 po-

247 2801 288 2861 pu
301 2802 319 2839 o
335 2782 498 2861 congiaria,
515 2776 551 2839 src
565 2779 696 2841 militibus
729 2781 842 2841 onativa
855 2777 932 2839 fuiffe
948 2802 1018 2860 pro«

248 2858 335 2939 posita
346 2905 354 2933 ,
364 2880 398 2919 ac
409 2862 530 2937 majores
543 2856 750 2952 plerumquein
760 2858 897 2919 donativis
908 2906 918 2935 ,
930 2859 984 2942 qui

250 2942 281 2999 iu
302 2940 450 3021 congiariis
471 2937 610 3021 impensas
631 2936 719 3001 fuisse.
749 2938 805 3001 His
823 2941 994 3019 praemonitis
1006 2986 1026 3014 ,.

250 3016 394 3097 scriptores
416 3032 542 3091 veteres,
567 3040 721 3091 nummos,
743 3014 960 3098 inscriptiones,
984 3038 1020 3081 ac
1105 3077 1108 3086 ,

251 3094 372 3159 maxims
390 3096 444 3155 ΜΓ.
455 3096 591 3157 Codicem
606 3093 735 3155 Caesareae
753 3096 929 3158 Bibliotheca
943 3097 1026 3160 Vin-.

253 3172 438 3249 dobonenfis,
456 3195 540 3256 quom
551 3174 683 3254 inpriore
694 3174 788 3233 Taciti
798 3172 920 3234 editione
929 3176 1021 3241 Tomi

254 3252 309 3327 lv,
322 3273 390 3335 pag.
403 3262 497 3331 234&
510 3248 586 3335 seqq.
599 3252 758 3333 publicavi,
777 3250 903 3331 secutus,
919 3253 1020 3339 Impe-·¹

254 3352 381 3411 rarorum
399 3334 544 3416 congiaria
560 3350 714 3413 exponam·

297 3490 334 3555 C.
353 3486 498 3559 JULIUS
522 3488 661 3553 CAESAR
684 3489 857 3573 congiarium*
873 3487 948 3551 dedit
969 3490 1025 3552 tle-⁴

197 3586 203 3599 ¹
257 3572 517 3643 insinuantium,
537 3568 655 3635 Gallica
671 3590 791 3633 monetae
807 3571 889 3635 libras
901 3590 948 3645 77.
969 3569 1028 3633 Mi

349 3648 425 3720 Toni·
449 3642 503 3713 VI.
861 3646 894 3732 Q
920 3714 922 3721 .
