2767 4634
485 571 880 645 Gruururm
1022 602 1064 667 3¹

288 685 420 762 Cattos
444 687 487 761 ad
510 687 663 762 bellum:
686 689 752 762 tari
768 687 921 784 excursus
940 698 975 766 δε
993 689 1068 764 for-

290 790 382 862 tuita
398 817 521 892 pugna.
550 791 762 888 Equestrium
782 787 858 863 saue
879 792 1005 865 virium
1028 794 1068 890 id

289 895 491 989 proprium,
515 891 585 964 citb
616 918 730 990 parare
760 891 967 986 vitreriam,
997 894 1066 990 citi>

288 990 425 1065 cedere.
475 990 650 1080 Velocitas
685 997 778 1090 juxto
812 989 1067 1085 formidinem,

290 1092 462 1164 cunetatio
482 1093 620 1194 propior
643 1093 833 1184 coustout're
852 1096 908 1166 est.
952 1183 956 1190 .

339 1193 478 1264 XXXI.
506 1195 554 1286 Er
574 1191 647 1264 aliis
661 1197 917 1283 Germanorum
933 1191 1067 1295 populis

290 1289 489 1394 usurpatum
514 1292 587 1365 'rard
610 1302 645 1366 δε
669 1292 798 1395 privatd
820 1291 979 1392 cujusque
1005 1323 1067 1392 au-

291 1392 430 1483 dentid,
446 1392 537 1494 apud
550 1396 671 1480 Cattos
686 1395 722 1465 in
732 1391 932 1484 ¹consensum
947 1395 1065 1484 vertit,

288 1519 328 1566 ut
345 1491 499 1592 primum
513 1491 730 1585 adoleverint
738 1551 750 1585 ‚
764 1494 895 1582 crinem
909 1494 1068 1590 barbam-

289 1621 359 1693 que
379 1591 621 1683 summittere,
647 1623 737 1686 uec,
763 1593 824 1667 nifi
847 1596 938 1685 hoste
960 1593 1066 1684 caeso,

293 1721 415 1768 exuere
426 1696 582 1772 votivum
597 1694 859 1796 obligatumque
870 1696 987 1768 virtuti
1000 1695 1069 1767 oris

295 1794 463 1876 habitum.
505 1799 612 1897 Super
643 1793 846 1896 sanguinem
874 1805 909 1868 &
936 1793 1069 1895 spolia,

293 1891 446 1968 revelant
465 1892 645 1983 frontem,
672 1893 775 1994 seque
798 1918 902 1974 ctum
924 1893 1068 1967 demum

289 2030 311 2062 a
317 1999 425 2096 pretia
439 1995 600 2071 nascendi
616 1993 763 2070 tetulisse
772 2051 784 2084 ,
805 1991 993 2098 dignosque
1008 2024 1069 2098 pa·

290 2097 381 2168 »trid
402 2126 440 2170 ac
459 2095 684 2198 patentibus'»
710 2094 834 2181 ferunt.
874 2097 1067 2200 Ignavis&
1157 2181 1160 2186 ,

289 2197 489 2272 imbellibus
524 2219 641 2270 manet
671 2193 815 2294 squalor.
861 2195 1067 2273 Fortissimus

285 2295 432 2396 quisque
450 2295 603 2392 ferreum
620 2295 753 2397 insuper
770 2295 911 2394 amulum
936 2299 1066 2397 (iguo-

289 2397 477 2470 miniosum
489 2396 527 2470 id
538 2396 939 2498 genti)velutvinculum
948 2398 1066 2496 gestor,

289 2497 403 2570 donec
425 2497 459 2572 se
479 2499 568 2570 caede
588 2497 687 2570 hostis
708 2495 870 2572 absolvat.
904 2497 1064 2570 Plurimis

296 2598 484 2668 Cattorum
508 2598 563 2668 bic
588 2597 698 2698 placet
725 2598 870 2670 habitus.
915 2599 1083 2692 Jamque'

276 2720 419 2782 ,canent
428 2694 592 2796 infignes,¹
605 2709 641 2772 δι
657 2695 808 2779 hostibus
822 2691 920 2766 srmul
934 2692 1065 2792 suisque

287 2797 467 2870 monstrati
486 2827 494 2868 ι
520 2799 679 2870 omnium
696 2823 800 2898 penes
815 2795 877 2867 hos
892 2793 991 2868 initia
1004 2821 1068 2896 pu·

287 2923 457 2996 gnarum:
481 2897 550 2970 ltaec
571 2898 681 2998 prima
702 2895 834 2999 semper
854 2895 965 2985 acies,
991 2892 1064 2968 visu

277 2997 388 3070 'nova.
429 2999 521 3072 Nam
551 3025 594 3069 ne
623 2997 660 3068 in
689 3026 770 3098 pare
797 2995 941 3095 quidem
968 2996 1065 3070 vultu

288 3097 429 3171 mitiore
447 3094 692 3170 mansuescunt.
725 3096 821 3170 Nulli
841 3096 987 3184 domus,
1006 3122 1064 3168 aut

287 3224 390 3296 ager,
407 3221 464 3269 aut
480 3195 593 3294 aliqua
609 3223 705 3270 tura:
720 3221 820 3297 prout
832 3197 878 3267 ad
889 3223 1063 3294 quemque

288 3297 412 3372 vendre
434 3353 444 3386 ,
470 3294 634 3371 aluntur:
657 3297 794 3398 prodigi
818 3293 953 3384 alieni,
982 3321 1063 3366 con-

291 3421 478 3496 temptores
495 3393 574 3488 ¹sul:
598 3396 709 3471 donec
724 3395 898 3498 exsanguis
912 3395 1063 3473 seueslus

277 3520 360 3579 ram
377 3497 470 3577 durat
490 3497 607 3580 virtuti
623 3499 770 3604 impares
784 3495 898 3572 faciat.

825 3599 917 3685 Birt⁴
