2767 4634
358 646 395 719 J
443 710 447 719 ι
501 603 835 703 Diutourl
988 638 1060 729 '155
1144 688 1148 695 .

182 728 186 735 ⁵
285 734 652 839 δίωοάἰτατὶο,ᾳιιαω
663 734 718 813 vel
728 735 863 813 divinus
876 738 1063 826 numinum
1108 830 1112 833 .

285 839 428 915 afflatus.
648 868 651 873 ·
800 842 806 851 ’

333 970 369 1032 4.
398 942 685 1030 Onanunn,
718 934 832 1037 inquit
859 942 1026 1019 Secundus
1043 974 1062 1039 ,-

259 1038 390 1141 idque
416 1041 514 1114 tanti
538 1037 702 1113 libentius
730 1040 936 1136 praestitero,
964 1049 1061 1144 quud

283 1138 435 1217 Messalae
447 1140 653 1217 sententiam
665 1138 778 1239 potitis
787 1137 863 1214 sum
876 1144 1062 1233 confirmae,

284 1268 377 1318 rurus
393 1301 404 1332 ,
428 1270 534 1343 quam
554 1268 682 1315 novam
698 1268 883 1345 meamque
897 1244 1061 1324 induetu-

283 1364 349 1418 rus.
371 1346 513 1443 Semper
526 1342 622 1417 enim
637 1341 845 1434 existimavi,
864 1370 902 1419 ut
916 1347 1063 1449 pictores

282 1444 520 1547 epistoribus,
539 1468 688 1546 poetata
702 1443 835 1545 poetis,
854 1444 1062 1528 siceratores

282 1544 327 1621 ab
343 1544 535 1619 oratoribus
549 1541 614 1619 else
629 1544 876 1642 instituendos3
895 1548 1061 1625 multllm-

283 1672 352 1747 que
367 1645 447 1719 vitii·
456 1642 521 1721 effe
534 1644 572 1719 in
580 1643 708 1718 sc'holis
724 1645 925 1740 rhetorum,
948 1652 1009 1750 qui
1025 1651 1061 1730 se

283 1748 441 1823 doctores
470 1745 674 1847 eloquentiae
699 1746 924 1845 profitentur,
952 1780 1060 1852 quam

281 1874 474 1949 numquam
490 1874 639 1937 novere,
662 1870 721 1921 aut
736 1846 760 1918 fi
778 1876 930 1939 novere,
956 1879 1060 1929 num-

282 1978 388 2051 quam
402 1946 575 2066 discipulis
588 1947 664 2022 sunt
677 1946 855 2039 tradituri,
870 1950 949 2024 cium
960 1951 1060 2029 scho-

283 2051 393 2125 larum
410 2048 517 2125 taedirs
530 2048 586 2125 vel
602 2048 728 2123 decora
742 2075 985 2152 praeceptorum
1005 2056 1059 2131 in·

283 2152 384 2256 genia
404 2151 603 2227 deterantur
610 2196 622 2241 5
643 2148 885 2253 discipulorum
904 2154 1057 2231 obruan-

282 2276 346 2329 tur.
378 2252 519 2328 Lentitls
533 2278 652 2327 tamen
664 2276 796 2325 mutata
809 2249 922 2328 fuisset
929 2258 1058 2366 yeteris

282 2354 484 2455 eloquentiae
496 2353 610 2430 forma
617 2410 629 2443 ,
643 2350 956 2456 srsolaingruilsent
965 2356 1058 2431 sehon

281 2454 393 2531 larum
409 2456 504 2531 vitia.
530 2454 579 2530 At
597 2453 659 2527 ubi
675 2451 898 2555 supervenere
941 2456 1058 2535 effima

282 2555 459 2657 exempla,
474 2552 787 2655 juvenumlicentia
797 2613 809 2647 ,
819 2484 1058 2657 populirisque

282 2652 484 2745 assentatio,
508 2682 582 2730 tum
596 2656 793 2757 eloquentia
804 2657 965 2757 precipiti
980 2657 1058 2733 casu

279 2758 321 2832 in
342 2754 553 2833 exitiabilem
573 2756 896 2860 irreparabilemque
920 2758 1056 2834 ruinam
1128 2786 1132 2789 ·

280 2854 433 2963 prolapsa
443 2860 509 2957 est3
529 2858 659 3036 nqsque
673 2858 716 2933 ad
732 2886 808 2949 eas,
825 2858 948 2959 quibus
962 2888 1055 2935 nune

283 2964 524 3051 coutimur,
581 2960 671 3035 'etti
698 2958 862 3036 sermonis
889 2962 1057 3063 angustiae

283 3060 410 3136 suimus
436 3056 571 3136 detrusi.
618 3061 737 3155 Qualm
764 3086 880 3135 autem
908 3062 1058 3166 pessimis
1150 3127 1153 3132 .

283 3160 447 3265 exemplis
459 3162 496 3235 id
512 3157 615 3236 fuerit
628 3158 758 3235 fautum
772 3161 832 3260 ipfi
845 3163 981 3239 vidistis.

337 3292 367 3361 ς.
391 3268 432 3339 lu
442 3290 460 3335 r
470 3290 493 3335 o
503 3290 554 3339 uu
564 3290 594 3335 M
608 3264 703 3337 enim
717 3286 913 3359 temporum
927 3262 1056 3337 memi-

279 3363 396 3456 nistis,
420 3364 544 3465 quibus
568 3365 637 3437 haec
659 3362 776 3437 civitas
797 3359 920 3452 farnae,
949 3390 1056 3463 quam

281 3464 386 3539 armis
405 3463 577 3567 literisque
600 3490 799 3571 paraverat,
820 3460 977 3566 pertaesa,
1000 3465 1057 3539 in-

279 3587 428 3647 tentatae
443 3568 522 3645 iniit
534 3568 607 3645 vias
616 3622 631 3661 ,
652 3592 774 3645 utnon
787 3572 979 3743 majgrum,
996 3560 1061 3645 sed

906 3692 940 3768 l'l
