2767 4634
432 636 437 646 ·
511 600 892 689 Aontoorvn.
1035 616 1086 709 '8'7

305 750 423 807 tarem
437 728 581 831 gloriam
601 728 685 801 aliur
704 756 907 833 occuparett
924 740 961 806 &
971 758 1083 811 cetera

309 856 496 929 utcumque
510 826 643 903 saciliits
660 829 876 921 dissimulari,
890 833 985 906 ducis
998 834 1082 911 boni

305 932 571 1032 imperatoriam
581 928 744 1005 virtutem
755 929 832 1007 esse.
841 933 1082 1012 Talibus-curis

305 1032 495 1119 exercitus,
513 1028 676 1129 quodque
693 1030 783 1105 sevae
797 1033 1012 1134 cogitationis
1025 1038 1082 1109 in-

308 1131 437 1205 dicium
447 1128 666 1219 erat3secreto
677 1128 739 1205 suo
749 1130 896 1223 satiatus,
906 1134 1081 1237 optimum

306 1232 345 1303 in
367 1228 539 1333 praesentiit
570 1229 711 1320 statu!‚
741 1258 906 1335 reponere
933 1234 1082 1327 odium,

309 1330 419 1405 donec
443 1331 592 1432 impetus
610 1310 722 1403 'famae
744 1344 780 1408 dc
799 1331 899 1407 favor
920 1334 1085 1409 exercitiis

257 1474 260 1479 -
308 1428 567 1532 languescerert
591 1454 672 1503 nam
692 1434 802 1510 ctiam
823 1451 900 1507 rum
921 1433 1084 1535 Agricola

308 1531 523 1605 Britanniam
542 1530 732 1605 obtinebat.

359 1632 435 1704 XL.
448 1636 578 1705 loiron
592 1655 613 1695 e
623 1631 842 1734 triumphalia
856 1652 1083 1723 ornamenta,¹

309 1739 376 1805 o&
390 1730 519 1803 illustris
531 1732 640 1805 statuae
655 1730 825 1806 honorem
836 1790 848 1821 ‚
860 1743 897 1807 δε
910 1732 1082 1832 quidquid

307 1856 400 1933 apro
417 1831 590 1933 triumpho
603 1832 758 1920 datur»,
775 1832 886 1905 multo
896 1833 1082 1910 verborum

309 1931 441 2025 honore
451 1931 641 2022 cumulata,
651 1931 791 2006 decerni
801 1932 837 2003 in
846 1930 961 2005 senatu
969 1932 1080 2033 jubet,

296 2030 460 2132 addique
474 2030 607 2147 insuper
619 2032 844 2134 opinionem,
860 2033 988 2129 Syriam
1004 2058 1081 2135 pro

308 2133 459 2207 vinciam
474 2130 643 2233 Agncolae
655 2132 834 2221 destinari,
848 2160 988 2206 vacuam
1002 2150 1079 2207 tum

306 2258 420 2307 morte
432 2230 620 2307 AtiliiRufi
634 2230 833 2320 consularis,
849 2242 884 2307 ὃ(
894 2233 1080 2333 majoribus

305 2332 520 2415 reservatam.
543 2330 733 2407 Credidere
750 2332 902 2435 plerique
913 2333 1079 2407 libertum

305 2457 349 2507 ex
380 2431 612 2507 secretioribus
641 2433 834 2508 ministeriis
864 2430 1001 2505 missum
1031 2430 1078 2505 ad

277 2526 283 2537 ¹
308 2531 534 2633 Agricolam,
559 2532 759 2623 codicillos,
783 2532 907 2628 quibus
926 2535 963 2607 'ei
985 2532 1079 2627 Syria

231 2630 236 2639 ⁶
310 2631 481 2720 dabatur,
507 2631 638 2724 tulisse,
661 2660 741 2706 etun
764 2656 952 2733 praecepto,
975 2628 1080 2717 ut‚li

306 2732 346 2804 in
357 2731 530 2805 Britannias
545 2732 657 2823 soret,
676 2731 888 2806 traderentur
899 2752 1080 2829 :eumque

305 2831 472 2907 libertum
497 2832 533 2905 in‘
559 2830 631 2934 ipso
651 2829 750 2906 *srero
774 2831 908 2906 Oceani
935 2830 1079 2926 obvium

307 2931 505 3033 Agricola,
526 2958 571 3005 ne
593 2932 762 3035 appellato
785 2931 928 3033 quidem
944 2958 1010 3019 eo,
1033 2930 1079 3005 ad

303 3032 553 3115 Domitianum
565 3031 747 3107 remeasse:
760 3031 826 3107 srve
835 3060 954 3106 verum
968 3030 1078 3120 istud,

306 3130 372 3206 srve
388 3160 430 3207 ex
449 3134 591 3233 ingenio
605 3133 767 3234 Principis
789 3131 906 3205 fidum
923 3159 962 3204 ac
982 3158 1080 3205 corn·

353 3230 455 3305 situm
467 3234 524 3307 est.
545 3233 751 3307 Tradiderat
766 3231 904 3304 interim
915 3230 1078 3331 Agricola
1142 3308 1152 3324 Ι

307 3259 480 3407 iticcelsori
492 3330 552 3412 suo
565 3334 775 3431 provinciam
788 3332 942 3431 quietam
952 3355 1080 3404 tutam·

307 3450 382 3529 que.
410 3434 464 3506 Ac
488 3458 533 3505 ne
555 3433 715 3507 notabilia
734 3433 987 3509 celebritate&
1007 3428 1077 3505 fte-

303 3532 447 3629 quentid
486 3535 739 3611 occurrentium
778 3533 935 3611 introitus
970 3528 1081 3618 esset,
