2767 4634
382 607 385 614 ’
437 585 772 658 cotoneorum
803 583 949 657 Nom·
1017 608 1093 659 ιη’

321 717 376 764 out
390 701 482 783 potitis
496 723 613 775 comes,
636 703 685 784 qui
702 702 764 779 juta
784 700 925 763 reddebat.
951 699 988 760 P‘
1010 693 1045 770 i,
1064 721 1095 765 ut

326 778 584 863 notatumestsupri
593 800 655 861 cap.
666 789 694 850 6,
705 801 772 863 pag.
783 802 817 850 19
825 779 993 856 r‚subdiride
1012 802 1094 843 antur

299 931 301 938 y
323 863 356 919 in
374 857 404 922 V
401 862 478 939 icor,
497 861 543 922 seu
556 859 747 934 blandicias,
768 881 830 942 quae
848 880 970 922 centente
990 880 1091 921 centu-

324 943 405 1000 riave
415 941 591 1014 dicebantur,
607 939 684 1023 quod
695 960 805 1002 centum
815 941 893 1000 villas
905 940 1090 1002 continerent.

263 1037 268 1044 “
326 1018 359 1078 in
383 1042 439 1080 uno
462 1043 554 1104 noque
574 1023 637 1081 vico
658 1041 729 1081 unus
747 1040 804 1081 etat
823 1020 956 1100 explebe
974 1041 1090 1096 comes,

323 1117 371 1158 aut
383 1042 476 1179 potiis
489 1120 619 1162 centenus
630 1147 638 1174 ‚
650 1103 698 1182 qui
710 1103 920 1160 &centenarius
931 1101 1089 1183 appellatus

323 1179 371 1238 est.
394 1179 498 1240 Coram
516 1199 635 1242 centeno
650 1184 844 1240 centenariove
861 1183 982 1239 minores
1003 1177 1090 1241 causa:

321 1255 526 1322 dirimebantur.
557 1261 664 1322 Coram
686 1262 788 1321 comite
808 1257 893 1318 causae
912 1279 1010 1317 omues
1030 1279 1088 1320 tam

321 1339 460 1415 majores,
482 1340 567 1423 quim
584 1341 727 1413 minores,
744 1359 759 1398 c
800 1336 982 1396 noscebantur
997 1357 1031 1396 ac
1047 1339 1090 1410 ju·

272 1465 275 1471 ,
317 1414 491 1479 dicabantur.
525 1417 595 1476 inde
618 1419 648 1475 in
670 1417 734 1499 lege
797 1436 1003 1489 amannotum,
1026 1414 1086 1476 Tit.

218 1499 222 1505 “
248 1563 252 1569 ¹
318 1491 477 1570 XXXVI,
493 1497 548 1577 leg.
564 1517 590 1558 1.
612 1493 773 1557 Conventus
777 1493 929 1575 secundam
945 1495 1086 1574 antiquom

318 1572 597 1654 consuetudinemflar
612 1575 724 1638 inomni
735 1576 852 1638 centeni
868 1595 957 1636 corant
971 1573 1085 1649 comite,

317 1651 527 1736 antfitoMiffo,
542 1652 572 1715 ir
586 1673 675 1715 coram
688 1654 846 1718 centenario
857 1653 941 1736 ipsum
951 1651 1085 1728 placitum

310 1727 379 1810 fior.
391 1730 427 1792 Et
436 1735 466 1792 in
478 1732 682 1814 Capituiatibus
692 1733 790 1796 Caroli
799 1735 849 1795 Ma
870 1738 900 1795 ni
909 1742 937 1793 &
947 1731 1086 1794 Ludovici

317 1807 573 1890 Imperatorisslll
583 1858 591 1887 ,
611 1833 658 1883 79·
679 1813 722 1876 Ut
737 1813 830 1890 polius
845 1754 920 1874 inmo
939 1812 968 1871 in
983 1810 1085 1889 placito

317 1891 472 1952 centenarii
483 1911 568 1972 neque
580 1890 619 1951 ad
631 1910 743 1954 mortem
755 1937 766 1966 ‚
786 1913 870 1974 neque
887 1889 923 1952 nti
933 1890 1085 1952 libertatem

306 1967 389 2048 fitam
415 1969 619 2049 omittendam,
648 1971 693 2033 rel
712 1971 749 2034 ad
770 1992 814 2033 res
836 1968 1014 2046 reddendas,
1038 1967 1083 2030 rei

314 2048 408 2108 manci
426 2049 452 2110 t'a
460 2049 601 2130 judicetur
608 2071 621 2124 ,·
632 2049 685 2132 sed
698 2051 749 2133 ista
760 2051 790 2112 in
798 2048 944 2130 proesentiti
957 2048 1081 2121 comitis,

313 2123 358 2186 aei
373 2071 515 2210 blifflrttm
531 2128 678 2212 nostrorum
690 2174 701 2206 ‚
715 2128 886 2212 judicentur.
908 2128 997 2191 Penes
1014 2128 1081 2190 iiim

301 2209 1083 2282 ¹comitesbtcerttenatiosconfiliumerat&aucioritus,

312 2301 344 2342 ut
352 2285 566 2364 pater-Centeni
575 2289 800 2349 autemaTacito
811 2289 877 2349 diui
888 2286 948 2348 suut
958 2286 1082 2350 Comites

312 2381 347 2420 ex
361 2361 409 2422 usu
418 2363 629 2439 Romanorum,
640 2366 715 2446 apud
726 2387 797 2446 qnos
811 2366 952 2426 honorum
961 2366 1080 2424 nomina

301 2459 391 2500 veram
402 2439 512 2516 caesar,
527 2444 651 2523 Legatus
666 2441 797 2518 Castris,
817 2451 845 2502 &
857 2446 972 2502 comites
984 2444 1079 2520 iegati.

311 2513 387 2578 Vide
401 2517 508 2600 Digest.
522 2521 585 2580 libr.
595 2519 625 2595 1,
643 2520 703 2580 Tit.
716 2545 773 2596 22,
793 2519 827 2581 tie
840 2519 939 2600 Officio
956 2519 1079 2600 Adseffo·

306 2615 390 2670 cum,
408 2597 465 2679 leg.
481 2620 508 2672 4.
532 2597 679 2678 Tempora
696 2618 788 2658 autem
804 2617 992 2660 conventuum
1007 2599 1075 2677 pla·

234 2721 236 2726 .
309 2675 485 2759 citorumque
499 2675 633 2752 Gallici,
656 2676 697 2737 les
716 2675 830 2752 plaido,
851 2681 890 2738 ita
910 2676 1076 2738 determinat

308 2753 354 2814 iex
367 2755 612 2828 Alamannorum,
631 2755 690 2816 Tit.
701 2753 859 2832 XXXVI,
877 2757 933 2838 leg.
943 2779 970 2815 2.
987 2753 1076 2834 Ipfitm

172 2853 174 2860 ’
246 2880 249 2884 .
301 2825 497 2916 ’γὶὶισίτιιιηῇατ
509 2833 872 2928 άεβόὗατορημόὂατωη,
888 2853 936 2897 aut
945 2833 1018 2916 quoii
1030 2833 1078 2899 die

309 2931 422 2992 corner,
451 2932 501 2976 our
525 2934 701 2976 centenarius
720 2915 862 2989 voluerit,
886 2937 904 2976 o
918 2916 1023 2995 septem
1042 2914 1074 2976 in

294 2993 402 3076 struem
411 2994 521 3069 noiier,
541 2993 646 3074 quando
657 3016 714 3072 pax
722 3017 810 3073 porra
824 2994 860 3075 est
871 2994 900 3056 in
909 2993 1074 3072 provincio:

306 3069 413 3152 quando
437 3089 526 3133 aurem
547 3071 719 3153 moliundi,
736 3074 791 3155 posi
810 3093 888 3136 xtrtt
910 3072 999 3134 nobles
1012 3071 1071 3166 fiat

306 3171 458 3232 conventus
478 3151 507 3212 in
528 3149 760 3224 eminentem,
772 3150 848 3230 ficut
849 3151 976 3230 superins
991 3151 1070 3221 dixi-

292 3251 294 3256 ’
306 3251 375 3292 mus.
387 3230 444 3290 Sub
454 3231 501 3291 dio
513 3277 521 3304 ,
532 3231 596 3292 loco
606 3230 692 3312 paulo
704 3230 835 3305 editiore,
844 3231 938 3304 ulmo,
948 3251 1069 3312 quercu,

304 3309 392 3450 {iiiive
403 3310 487 3384 densi
498 3311 596 3374 arbore
609 3310 810 3387 obumbrante,
829 3329 981 3372 conventus
995 3311 1071 3371 teio-

325 3390 460 3451 rebantur.

286 3564 296 3584 ”
343 3547 420 3614 Cor.
435 3544 517 3613 XIII.
538 3548 646 3614 Armati
664 3566 761 3636 agant.
779 3547 888 3636 Ipfiquc
902 3547 1007 3631 judices
1020 3571 1068 3612 ar-
1096 3509 1098 3516 Ι
