2767 4634
113 2301 118 2520 i

112 385 406 424 μὴ

113 715 120 762 i

114 3011 117 3074 Ι

114 3659 136 3696 ’Μ

322 633 514 706 Dtntoous
540 651 583 700 nt
609 623 871 704 Onnnonntus.
933 645 999 728 169
1100 629 1104 633 ’

245 751 350 856 sepius
367 747 492 823 steterit
506 757 681 846 tamquam
696 746 733 820 in
745 749 840 837 aeie,
864 750 1001 853 qu'oque

245 854 349 960 plures
375 860 411 926 &
436 845 589 922 intulerit
611 848 722 938 iebus,
749 858 785 924 &
809 855 1018 955 exceperit,

244 956 306 1056 qub
332 958 441 1051 major
467 945 697 1038 adversarius,
723 952 764 1024 eb
786 951 914 1043 actiot,
942 955 1004 1055 qui

245 1078 365 1170 pugnas
392 1049 454 1124 fibi
480 1047 606 1149 asperas
632 1047 880 1164 desumpserit,
907 1057 1004 1128 tanto

143 1221 145 1228 .
246 1155 366 1242 tlttor,
392 1161 428 1226 δε
451 1148 630 1246 excelliot3
652 1159 688 1226 δι
712 1150 779 1222 illrs
806 1150 1003 1229 nobilitatus

192 1251 194 1255 ’
246 1251 457 1341 criminibus,
477 1252 514 1324 in
530 1278 589 1325 ore
610 1249 828 1324 hominuma
853 1251 902 1339 't,
922 1281 1008 1352 quo.

246 1381 317 1429 tum
335 1381 374 1427 ea
391 1370 512 1426 natuta'
523 1353 593 1438 est,
613 1374 651 1422 ut
665 1347 779 1422 secura
791 1377 833 1422 ve
848 1374 909 1421 mr.

289 1454 490 1528 XXXVIII.
515 1451 696 1521 Tnnusto
724 1448 770 1522 ad
795 1446 946 1526 formam
970 1461 1009 1529 δε

246 1551 524 1629 consuetudinem
536 1572 690 1622 veterum
702 1549 925 1642 judiciorumt
936 1578 1011 1651 quae

245 1653 301 1730 etst
314 1677 405 1724 nunc
423 1669 442 1722 a
466 1649 531 1722 tiot
545 1651 591 1722 est
602 1650 756 1740 veritati,
776 1650 1012 1750 eloquentiam

245 1778 361 1827 tamen
379 1676 466 1823 irrui
485 1747 599 1822 fotum
620 1779 675 1822 tna
700 1752 727 1823 is
748 1751 952 1842 exercebat,
974 1753 1013 1826 in

245 1881 314 1954 quo
331 1877 436 1925 nemo
453 1849 543 1922 intra
564 1780 772 1952 paucisirmas
791 1852 889 1925 boras
910 1879 1011 1954 peto·

244 1979 316 2028 rate
339 1950 546 2053 cogebatur,
571 1961 607 2026 δε
630 1949 744 2026 liberae
768 1952 1011 2056 competendi-

244 2055 399 2130 nationes
418 2076 515 2125 erant
526 2108 538 2140 ,
564 2061 601 2127 δε
618 2051 764 2126 modum
786 2053 925 2128 dicendi
949 2053 1011 2128 fibi

271 2151 386 2253 uisque
415 2151 603 2247 sumebat,
637 2163 673 2228 &
702 2182 863 2232 numerus
897 2182 1011 2255 neque

245 2183 381 2328 iietum
413 2281 529 2328 neue
560 2278 783 2329 ettenorum
820 2255 1012 2330 finiebatur.
1117 2338 1120 2342 μ

244 2355 378 2429 Pritnus
397 2282 591 2450 hujtiimoii
613 2347 745 2454 spatia,
772 2355 873 2430 tertio
894 2352 1015 2428 consu-
1082 2436 1085 2445 ¹

196 2481 200 2486 ’
243 2453 336 2542 latu,
349 2455 420 2526 Cn.
432 2453 613 2552 Pompeius
630 2451 1016 2566 adstrinxir3imposuit-

245 2580 314 2654 que
330 2551 437 2625 veluti
449 2548 562 2621 frenos
576 2548 798 2648 eloquentiae,
816 2576 865 2623 tta
878 2577 993 2625 tamen
999 2595 1018 2642 ,-

240 2677 287 2726 ut
302 2647 420 2724 omnia
435 2648 471 2719 in
484 2643 585 2735 foto,
602 2648 720 2720 omnia
731 2648 886 2752 legibus,
900 2651 1017 2722 omnia

242 2747 340 2854 apud
370 2771 525 2851 praerotes
551 2772 778 2850 gererentur:
813 2749 903 2852 apud
931 2777 1017 2865 quos

247 2852 379 2952 quantb
401 2857 529 2950 majora
544 2848 683 2951 negotia
700 2848 786 2921 oiim
806 2877 952 2943 exerceri
967 2849 1019 2924 so-

240 2952 313 3025 lita
331 2949 419 3040 lint,
445 2947 540 3050 quod
557 2957 667 3051 majus
686 2974 927 3052 argumentum
947 2951 1018 3042 est,

248 3051 357 3152 quim
387 3050 482 3150 qubd
507 3049 609 3123 cause
640 3050 919 3142 centumvitales,
944 3079 1019 3152 quae

248 3179 344 3225 nunc
373 3151 524 3248 primurn
553 3147 712 3221 obtinent
740 3149 855 3222 locum
883 3206 894 3238 ,
932 3153 1020 3226 adeb

250 3247 434 3351 splendore
452 3242 595 3319 aliorum
611 3247 818 3346 judiciorum
831 3249 1021 3324 obrueban-

250 3374 311 3425 tut
323 3403 334 3435 ,
348 3372 386 3418 ur
400 3374 509 3446 neque
522 3347 722 3436 Ciceronis,
738 3376 849 3449 neque
861 3347 1024 3440 Caesaris,

252 3474 373 3549 neque
384 3447 499 3536 Bruti,
510 3473 622 3546 neque
632 3447 761 3539 Coelii,
776 3476 889 3549 neque
899 3450 998 3524 Calvi
1008 3478 1025 3541 ,·

246 3567 332 3628 'non
351 3546 500 3645 denique
521 3547 620 3622 ullius
638 3551 756 3650 magni
775 3547 914 3624 oratoris
935 3551 1022 3627 liber

345 3651 439 3722 Tom.
467 3649 530 3726 VI.
891 3655 927 3727 H
