2767 4634
385 572 579 657 Drmoatt's
609 596 654 649 nt
681 570 946 653 onarorrau'ss
1002 592 1076 676 135

306 762 310 771 .
363 702 478 775 XXII.
501 698 557 773 An
572 696 780 771 Ciceronem
795 698 898 792 venio
912 756 923 789 ,
947 700 1002 774 cui
1016 728 1075 775 ea*

302 796 392 875 'dem
405 828 516 901 pugna
529 826 608 871 cum
623 796 805 897 equalibus
819 796 884 871 suis
897 799 982 889 fuit,
1000 826 1075 899 quar

303 902 394 983 mihi
419 898 593 972 vobiscum
622 900 677 971 est.
717 897 773 969 llli
795 899 891 971 enim
915 902 1076 1000 antiquos
1111 902 1115 905 ’

304 992 516 1075 mirabantur
530 1056 540 1089 ,
560 995 628 1098 ipse
641 997 778 1071 suorum
792 1024 987 1100 tempotum
1003 1000 1074 1093 elo·

302 1100 483 1201 quentiam
500 1098 727 1199 anteponebat
738 1105 823 1197 :nec
835 1099 903 1171 ulle
916 1126 952 1174 te
963 1128 1022 1173 ma
1046 1102 1055 1116 '

305 1200 460 1299 ejusdem
475 1198 579 1273 artatis
594 1223 742 1272 oratores
757 1199 948 1297 praecurrit,
969 1225 1076 1300 quam

305 1300 443 1401 judicio.
456 1302 589 1372 Primus
603 1299 701 1373 enim
711 1298 857 1373 excoluit
869 1302 1074 1392 orationem,

306 1400 434 1501 primus
452 1408 488 1473 &
504 1398 616 1485 verbis
636 1398 808 1471 delestum
830 1400 1012 1489 adhibuit,
1036 1413 1075 1477 &

303 1498 545 1601 compositioni
553 1498 781 1573 artemzlocoa
789 1527 925 1598 quoque
933 1501 1075 1578 laetiotes

305 1600 505 1690 attentavit,
518 1608 554 1673 &
562 1596 725 1697 quasdam
732 1597 914 1673 sententias
921 1602 1074 1700 invenit3

306 1701 425 1798 utique
449 1700 486 1771 in
510 1700 562 1772 his
591 1698 829 1789 orationibus,
856 1728 938 1799 quas
962 1700 1074 1775 senior

306 1808 380 1900 jam
403 1809 439 1873 &
460 1808 551 1897 juxta
574 1798 680 1871 finem
701 1800 777 1871 titae
798 1799 1013 1903 composnit,
1038 1802 1077 1877 id

300 1902 356 1975 est
369 1958 380 1990 ,
404 1902 581 2001 postquam
594 1899 704 2000 magis
716 1895 928 1999 profecerat,
949 1900 1079 2002 usuque

307 1999 1075 2103 &experimentisdidicerat,quodoptimum

304 2100 445 2175 dicendi
458 2128 565 2203 genus
580 2102 636 2175 est.
646 2184 651 2191 ,
662 2102 753 2173 Nam
768 2102 895 2217 ptiofes
908 2109 981 2202 ejus
997 2128 1076 2178 ota-

303 2201 416 2275 tiones
426 2224 623 2285 noncatent
633 2200 722 2275 vitus
730 2202 1076 2301 antiqmtatiszlentue
1180 2216 1185 2225 '

303 2303 354 2376 est
371 2303 407 2375 in
424 2302 612 2403 principiis,
625 2301 745 2403 longus
758 2303 794 2375 in
806 2305 1076 2393 narrationibus,

302 2401 429 2475 otiosus
441 2402 528 2473 circa
539 2398 683 2475 excelsus
694 2460 706 2491 ,
717 2402 811 2477 tarde
824 2429 1075 2495 commovetur,

306 2498 384 2575 tara
407 2500 597 2575 incalescit:
617 2503 714 2603 pauci
726 2501 836 2578 sensus
853 2506 928 2606 apte
943 2513 980 2579 &
993 2530 1076 2578 cum

307 2600 465 2701 quodam
474 2601 599 2675 lumine
611 2604 954 2676 terminantutznihil
963 2630 1076 2677 excer-

306 2722 414 2807 pere,
433 2698 517 2773 nihil
532 2699 655 2776 referte
670 2701 783 2805 poffir:
797 2701 937 2777 &velut
950 2702 988 2774 in
999 2702 1078 2777 rudi

297 2800 454 2875 -aedificio
462 2860 475 2891 ,
491 2802 607 2875 firmus
620 2800 698 2875 sane
711 2804 818 2905 paries
831 2811 867 2893 &
881 2802 1077 2893 duraturus,

304 2898 452 2975 sednon
469 2900 545 2975 satis
560 2902 726 3005 expolitus
740 2901 810 2978 &s
828 2902 979 2978 lendem.
1002 2907 1076 3003 Ego

307 3026 423 3075 autem
452 3014 654 3091 oratorem,
687 3003 769 3077 ficut
797 2932 1003 3107 iticupletem
1037 3032 1076 3079 ac

300 3099 482 3175 ¹laudatum
495 3101 792 3205 patremfamilias,
806 3133 876 3176 non
884 3134 926 3179 eo
939 3102 1076 3181 tannim

306 3200 387 3274 volo
401 3208 491 3275 testo
505 3205 595 3305 tegi,
610 3202 706 3301 quod
719 3202 868 3273 imbrem
883 3232 920 3275 ac
932 3230 1074 3278 ventum

308 3326 444 3391 arceat,
468 3301 528 3375 sed
548 3303 653 3377 etiam
668 3300 761 3401 quod
778 3298 885 3375 visum
906 3310 940 3376 &
960 3304 1077 3379 oculos

303 3399 479 3476 delectet:
501 3430 571 3475 non
588 3400 627 3475 eri
646 3400 756 3476 solrim
777 3403 891 3475 instrui
911 3400 1075 3503 supellec·
1176 3412 1183 3424 '

306 3496 391 3591 tile,
413 3530 487 3605 qnae
499 3499 687 3580 neceffatiis
705 3501 815 3582 ufibus
831 3499 973 3585 sufficiat
983 3560 998 3599 ,
1011 3503 1079 3624 'sed
