2767 4634
452 563 863 644 Grnunntn.
1004 603 1050 656 ²¹

259 687 374 762 tracta
384 681 557 756 velamina
566 681 729 784 spargunt
739 688 884 762 maculis
894 689 1056 792 pellibus-

260 815 337 887 que
359 784 578 876 belluarum,
605 812 688 884 quas
703 787 853 862 exterior
868 792 1055 888 Oceanus,

260 913 371 988 atque
398 885 564 988 ignotum
589 913 684 962 mare
733 888 834 990 ignit.
869 892 946 965 Nec
967 893 1054 970 alius

257 986 415 1066 feminis
430 987 540 1091 quim
566 988 647 1060 viris
670 916 835 1080 habitus,
867 990 932 1064 nisr
957 997 1054 1094 qubd

258 1086 405 1167 feminae
424 1086 542 1189 saepius
558 1086 658 1166 lineis
675 1089 859 1166 amieibus
872 1093 1054 1188 velantur,
1079 1089 1082 1092 ’

259 1187 392 1288 eosque
405 1188 554 1292 purpurl
565 1191 720 1284 variant,
737 1218 942 1295 partemque
952 1197 1055 1268 vesti-

260 1288 316 1370 tlrs
329 1289 517 1392 superioris
535 1290 573 1362 in
586 1293 741 1366 manicas
755 1321 830 1367 non
843 1294 1054 1386 extendunt,

261 1391 367 1466 nuda
384 1391 525 1466 brachia
537 1419 576 1465 ac
592 1392 757 1473 lacertos:
774 1393 885 1474 sed&
897 1396 1055 1496 proxima

260 1519 338 1596 pars
359 1493 509 1593 pestotis
527 1517 632 1595 patet.
995 1499 1000 1508 ’

311 1595 455 1668 XVIII.
468 1596 707 1688 Quanquam
721 1592 838 1670 severa
850 1592 923 1669 illic
931 1596 1054 1674 matri-

263 1693 408 1767 monia:
429 1721 495 1769 nec
509 1693 618 1768 ullam
632 1719 776 1768 morum
790 1719 926 1790 partem
942 1697 1054 1796 magis

266 1789 489 1870 laudaveris:
513 1823 597 1870 nam
618 1796 725 1896 prope
743 1792 808 1866 soli
830 1795 1056 1868 barbarorum

264 1890 409 1995 smgulis
427 1897 588 1972 uxoribus
603 1894 762 1970 contenti
776 1891 880 1984 sunt,
904 1895 1054 1997 exceptis

266 1993 467 2072 admodum
481 1998 618 2097 paucis,
638 1995 701 2109 qui
715 2022 789 2068 non
801 1994 973 2086 libidine,
995 1993 1066 2070 sed·

263 2093 311 2168 ob
329 2095 555 2178 nobilitatem
575 2095 733 2203 plurimis
750 2095 885 2197 nuptiis·
898 2095 1056 2176 ambiun-

266 2217 332 2272 tur.
364 2197 505 2272 Dotem
519 2225 591 2270 non
606 2223 690 2274 uxor
706 2196 857 2285 marito,
881 2194 941 2270 led
957 2194 1055 2270 uxori

263 2295 540 2372 maritutofferr.
564 2295 736 2374 Intersunt
750 2320 907 2396 parentes
920 2307 957 2370 &
973 2323 1056 2398 pro-

265 2396 415 2495 pinqui,
431 2425 472 2470 at
485 2424 629 2472 munera
641 2397 789 2500 probant
802 2425 811 2470 ε
824 2421 970 2470 munera
982 2423 1055 2470 non

266 2495 314 2568 ad
325 2496 471 2571 delicias
484 2497 667 2574 muliebres
679 2496 914 2598 quaesrta,nec
927 2496 1054 2594 quibus
1133 2520 1135 2523 ·

271 2621 369 2666 nova
384 2621 493 2696 nupta
504 2624 653 2672 comatur
666 2627 677 2690 3
704 2597 764 2670 sed
782 2598 912 2684 boves,
932 2606 969 2668 &
983 2593 1056 2668 fre-

268 2719 401 2768 natum
415 2721 544 2794 equum
557 2744 577 2784 ,-
590 2709 626 2772 &
643 2695 779 2769 scutum
798 2720 880 2766 cum
901 2691 1055 2783 framei,

269 2794 473 2896 gladioque.
488 2797 528 2868 In
539 2795 607 2868 baec
620 2821 764 2870 munera
775 2819 859 2866 uxor
868 2792 1054 2892 accipitur,

268 2907 304 2968 'at
332 2921 376 2970 ue
392 2895 546 2972 invicem
560 2894 629 2996 ipsa
642 2920 820 2969 armorum
833 2892 964 2991 aliquid
977 2894 1052 2967 vito

269 2923 381 3070 affin.
426 2999 505 3070 Hoc
532 2996 726 3068 maximum
751 2991 958 3083 vinculum,
985 2993 1054 3068 haec

270 3122 396 3168 arcana
412 3091 532 3183 sacra,
560 3095 623 3168 hor
640 3092 837 3194 conjugales
857 3093 941 3168 deos
956 3093 1054 3167 'arbi-

272 3220 419 3271 trantur.
442 3198 498 3268 Ne
515 3194 547 3268 se
562 3195 685 3270 mulier
700 3218 795 3268 extra
807 3194 974 3266 virtutum
991 3223 1052 3268 co-

273 3297 481 3393 gitationes,
494 3320 652 3396 extraque
662 3293 835 3371 bellorum
844 3290 936 3365 casus
942 3319 1050 3405 puter,

271 3393 349 3488 ipsis
369 3395 565 3498 incipientis
584 3395 798 3470 matrimonii
815 3392 968 3494 auspiciis
987 3396 1049 3468 ad-

262 3520 466 3590 monetur,
492 3497 608 3578 venire
632 3495 666 3576 se
692 3495 851 3576 laborum
878 3494 1050 3598 periculoe
