<?xml version="1.0" encoding="UTF-8"?>
<!DOCTYPE html PUBLIC "-//W3C//DTD XHTML 1.0 Transitional//EN"
    "http://www.w3.org/TR/xhtml1/DTD/xhtml1-transitional.dtd">
<html xmlns="http://www.w3.org/1999/xhtml" xml:lang="en" lang="en">
 <head>
  <title>
</title>
<meta http-equiv="Content-Type" content="text/html;charset=utf-8" />
  <meta name='ocr-system' content='tesseract 3.04.00' />
  <meta name='ocr-capabilities' content='ocr_page ocr_carea ocr_par ocr_line ocrx_word'/>
</head>
<body>
  <div class='ocr_page' id='page_1' title='image "./operasupplement01tacigoog_0298.png"; bbox 0 0 2767 4634; ppageno 0'>
   <div class='ocr_carea' id='block_1_1' title="bbox 365 574 1087 658">
    <p class='ocr_par' dir='ltr' id='par_1_1' title="bbox 365 574 1087 658">
     <span class='ocr_line' id='line_1_1' title="bbox 365 574 1087 658; baseline 0 -3"><span class='ocrx_word' id='word_1_1' title='bbox 365 576 440 655; x_wconf 64' lang='lat'>2&#39;88</span> <span class='ocrx_word' id='word_1_2' title='bbox 490 580 541 652; x_wconf 78' lang='lat' dir='ltr'>Iu</span> <span class='ocrx_word' id='word_1_3' title='bbox 566 574 750 651; x_wconf 74' lang='lat' dir='ltr'>Ltnuutr</span> <span class='ocrx_word' id='word_1_4' title='bbox 778 602 832 649; x_wconf 77' lang='lat' dir='ltr'>ne</span> <span class='ocrx_word' id='word_1_5' title='bbox 860 578 1087 658; x_wconf 69' lang='lat' dir='ltr'>Mournud</span> 
     </span>
    </p>
   </div>
   <div class='ocr_carea' id='block_1_2' title="bbox 366 695 1164 1015">
    <p class='ocr_par' dir='ltr' id='par_1_2' title="bbox 366 695 1164 1015">
     <span class='ocr_line' id='line_1_2' title="bbox 366 695 1136 778; baseline 0.004 -22"><span class='ocrx_word' id='word_1_6' title='bbox 366 695 446 778; x_wconf 78' lang='lat' dir='ltr'>apud</span> <span class='ocrx_word' id='word_1_7' title='bbox 455 716 507 756; x_wconf 81' lang='lat' dir='ltr'>nos</span> <span class='ocrx_word' id='word_1_8' title='bbox 517 697 601 755; x_wconf 85' lang='lat' dir='ltr'>ctiam</span> <span class='ocrx_word' id='word_1_9' title='bbox 611 696 640 755; x_wconf 86' lang='lat' dir='ltr'>in</span> <span class='ocrx_word' id='word_1_10' title='bbox 649 698 749 778; x_wconf 86' lang='lat' dir='ltr'>longin</span> <span class='ocrx_word' id='word_1_11' title='bbox 772 717 944 777; x_wconf 82' lang='lat' dir='ltr'>uarumperc</span> <span class='ocrx_word' id='word_1_12' title='bbox 966 700 1136 759; x_wconf 83' lang='lat' dir='ltr'>riuationuur</span> 
     </span>
     <span class='ocr_line' id='line_1_3' title="bbox 367 716 1164 857; baseline 0.005 -20"><span class='ocrx_word' id='word_1_13' title='bbox 367 774 571 839; x_wconf 78' lang='lat' dir='ltr'>narrationibus</span> <span class='ocrx_word' id='word_1_14' title='bbox 582 777 707 855; x_wconf 83' lang='lat' dir='ltr'>vulgato.</span> <span class='ocrx_word' id='word_1_15' title='bbox 725 716 808 836; x_wconf 78' lang='lat' dir='ltr'>Adde</span> <span class='ocrx_word' id='word_1_16' title='bbox 818 778 904 836; x_wconf 87' lang='lat' dir='ltr'>moris</span> <span class='ocrx_word' id='word_1_17' title='bbox 917 797 932 835; x_wconf 87' lang='lat' dir='ltr'>e</span> <span class='ocrx_word' id='word_1_18' title='bbox 955 779 1058 857; x_wconf 83' lang='lat' dir='ltr'>capud</span> <span class='ocrx_word' id='word_1_19' title='bbox 1067 778 1134 841; x_wconf 80' lang='lat' dir='ltr'>bar-</span> <span class='ocrx_word' id='word_1_20' title='bbox 1158 793 1164 801; x_wconf 87' lang='grc'><em>’</em></span> 
     </span>
     <span class='ocr_line' id='line_1_4' title="bbox 367 851 1133 930; baseline 0.003 -13"><span class='ocrx_word' id='word_1_21' title='bbox 367 856 450 917; x_wconf 81' lang='lat' dir='ltr'>batos</span> <span class='ocrx_word' id='word_1_22' title='bbox 460 857 561 917; x_wconf 85' lang='lat' dir='ltr'>imitari</span> <span class='ocrx_word' id='word_1_23' title='bbox 572 851 654 915; x_wconf 88' lang='lat' dir='ltr'>sonos</span> <span class='ocrx_word' id='word_1_24' title='bbox 664 853 784 915; x_wconf 85' lang='lat' dir='ltr'>ferarum</span> <span class='ocrx_word' id='word_1_25' title='bbox 795 901 804 930; x_wconf 95' lang='lat'>,</span> <span class='ocrx_word' id='word_1_26' title='bbox 818 872 848 917; x_wconf 83' lang='lat' dir='ltr'>ut</span> <span class='ocrx_word' id='word_1_27' title='bbox 858 875 977 916; x_wconf 83' lang='lat' dir='ltr'>terreant</span> <span class='ocrx_word' id='word_1_28' title='bbox 988 864 1017 915; x_wconf 73' lang='lat' dir='ltr'>dr</span> <span class='ocrx_word' id='word_1_29' title='bbox 1029 856 1133 921; x_wconf 79' lang='lat' dir='ltr'>fallant.</span> 
     </span>
     <span class='ocr_line' id='line_1_5' title="bbox 367 932 1132 1015; baseline 0.003 -19"><span class='ocrx_word' id='word_1_30' title='bbox 367 933 445 1003; x_wconf 71' lang='lat' dir='ltr'>,Vide</span> <span class='ocrx_word' id='word_1_31' title='bbox 463 934 496 995; x_wconf 91' lang='lat' dir='ltr'>P.</span> <span class='ocrx_word' id='word_1_32' title='bbox 506 934 541 993; x_wconf 91' lang='lat' dir='ltr'>de</span> <span class='ocrx_word' id='word_1_33' title='bbox 553 932 746 1011; x_wconf 84' lang='lat' dir='ltr'>Charlevoix,</span> <span class='ocrx_word' id='word_1_34' title='bbox 771 933 886 1015; x_wconf 76' lang='lat' dir='ltr'>Histoire</span> <span class='ocrx_word' id='word_1_35' title='bbox 905 932 936 995; x_wconf 73' lang='lat' dir='ltr'>dr</span> <span class='ocrx_word' id='word_1_36' title='bbox 955 933 1132 1015; x_wconf 73' lang='lat' dir='ltr'>Descriptiott</span> 
     </span>
    </p>
   </div>
   <div class='ocr_carea' id='block_1_3' title="bbox 363 1011 1129 1101">
    <p class='ocr_par' dir='ltr' id='par_1_3' title="bbox 363 1011 1129 1101">
     <span class='ocr_line' id='line_1_6' title="bbox 363 1011 1129 1101; baseline 0.004 -26"><span class='ocrx_word' id='word_1_37' title='bbox 363 1012 496 1101; x_wconf 72' lang='lat' dir='ltr'>gdndrule</span> <span class='ocrx_word' id='word_1_38' title='bbox 509 1011 542 1074; x_wconf 84' lang='lat' dir='ltr'>de</span> <span class='ocrx_word' id='word_1_39' title='bbox 554 1011 581 1073; x_wconf 86' lang='lat' dir='ltr'>lu</span> <span class='ocrx_word' id='word_1_40' title='bbox 592 1012 715 1076; x_wconf 76' lang='lat' dir='ltr'><em>nouvelle</em></span> <span class='ocrx_word' id='word_1_41' title='bbox 725 1014 857 1088; x_wconf 83' lang='lat' dir='ltr'>France,</span> <span class='ocrx_word' id='word_1_42' title='bbox 879 1013 958 1075; x_wconf 87' lang='lat' dir='ltr'>Libr.</span> <span class='ocrx_word' id='word_1_43' title='bbox 968 1015 997 1091; x_wconf 93' lang='lat' dir='ltr'>I,</span> <span class='ocrx_word' id='word_1_44' title='bbox 1014 1037 1084 1099; x_wconf 84' lang='lat' dir='ltr'>pag.</span> <span class='ocrx_word' id='word_1_45' title='bbox 1097 1025 1129 1078; x_wconf 87' lang='lat'>16</span> 
     </span>
    </p>
   </div>
   <div class='ocr_carea' id='block_1_4' title="bbox 282 1092 485 1177">
    <p class='ocr_par' dir='ltr' id='par_1_4' title="bbox 282 1092 485 1177">
     <span class='ocr_line' id='line_1_7' title="bbox 282 1092 485 1177; baseline -0.01 -22"><span class='ocrx_word' id='word_1_46' title='bbox 282 1125 286 1131; x_wconf 60' lang='lat'>¹</span> <span class='ocrx_word' id='word_1_47' title='bbox 366 1100 395 1155; x_wconf 78' lang='lat' dir='ltr'>dt</span> <span class='ocrx_word' id='word_1_48' title='bbox 407 1092 485 1177; x_wconf 87' lang='lat' dir='ltr'>seqq.</span> 
     </span>
    </p>
   </div>
   <div class='ocr_carea' id='block_1_5' title="bbox 363 1172 1129 1346">
    <p class='ocr_par' dir='ltr' id='par_1_5' title="bbox 363 1172 1129 1346">
     <span class='ocr_line' id='line_1_8' title="bbox 407 1172 1129 1257; baseline 0.003 -24"><span class='ocrx_word' id='word_1_49' title='bbox 407 1172 442 1235; x_wconf 82' lang='lat' dir='ltr'>Iu</span> <span class='ocrx_word' id='word_1_50' title='bbox 454 1174 570 1237; x_wconf 76' lang='lat' dir='ltr'>medium</span> <span class='ocrx_word' id='word_1_51' title='bbox 578 1172 736 1253; x_wconf 80' lang='lat' dir='ltr'>relinquam.</span> <span class='ocrx_word' id='word_1_52' title='bbox 751 1172 828 1234; x_wconf 85' lang='lat' dir='ltr'>Bene</span> <span class='ocrx_word' id='word_1_53' title='bbox 838 1172 1007 1257; x_wconf 67' lang='lat' dir='ltr'>egregiusque</span> <span class='ocrx_word' id='word_1_54' title='bbox 1017 1173 1129 1235; x_wconf 65' lang='lat' dir='ltr'>fastum.</span> 
     </span>
     <span class='ocr_line' id='line_1_9' title="bbox 363 1248 1129 1346; baseline -0.007 -27"><span class='ocrx_word' id='word_1_55' title='bbox 363 1248 484 1319; x_wconf 72' lang='lat' dir='ltr'>fabulas</span> <span class='ocrx_word' id='word_1_56' title='bbox 499 1258 573 1315; x_wconf 84' lang='lat' dir='ltr'>enim</span> <span class='ocrx_word' id='word_1_57' title='bbox 589 1251 749 1335; x_wconf 76' lang='lat' dir='ltr'>prodidisset</span> <span class='ocrx_word' id='word_1_58' title='bbox 761 1251 896 1330; x_wconf 74' lang='lat' dir='ltr'>Tacitus,</span> <span class='ocrx_word' id='word_1_59' title='bbox 916 1257 1012 1346; x_wconf 75' lang='lat' dir='ltr'>quales</span> <span class='ocrx_word' id='word_1_60' title='bbox 1032 1254 1129 1333; x_wconf 82' lang='lat' dir='ltr'>Mela,</span> 
     </span>
    </p>
   </div>
   <div class='ocr_carea' id='block_1_6' title="bbox 326 1325 1128 1473">
    <p class='ocr_par' dir='ltr' id='par_1_6' title="bbox 326 1325 1128 1473">
     <span class='ocr_line' id='line_1_10' title="bbox 326 1325 1128 1473; baseline 0.006 -82"><span class='ocrx_word' id='word_1_61' title='bbox 326 1370 341 1401; x_wconf 68' lang='lat' dir='ltr'><em>s</em></span> <span class='ocrx_word' id='word_1_62' title='bbox 364 1325 471 1393; x_wconf 86' lang='lat' dir='ltr'>Plinius</span> <span class='ocrx_word' id='word_1_63' title='bbox 483 1337 604 1473; x_wconf 79' lang='lat' dir='ltr'>,aliique</span> <span class='ocrx_word' id='word_1_64' title='bbox 613 1334 745 1415; x_wconf 85' lang='lat' dir='ltr'><strong>plurimi,</strong></span> <span class='ocrx_word' id='word_1_65' title='bbox 756 1335 837 1392; x_wconf 87' lang='lat' dir='ltr'>etiam</span> <span class='ocrx_word' id='word_1_66' title='bbox 845 1350 1022 1402; x_wconf 73' lang='lat' dir='ltr'>recentiores.</span> <span class='ocrx_word' id='word_1_67' title='bbox 1042 1332 1128 1396; x_wconf 87' lang='lat' dir='ltr'>Nunc</span> 
     </span>
     <span class='ocr_line' id='line_1_11' title="bbox 571 1435 586 1473; baseline 0 0"><span class='ocrx_word' id='word_1_68' title='bbox 571 1435 586 1473; x_wconf 89' lang='lat' dir='ltr'>e</span> 
     </span>
    </p>
   </div>
   <div class='ocr_carea' id='block_1_7' title="bbox 266 1410 544 1497">
    <p class='ocr_par' dir='ltr' id='par_1_7' title="bbox 266 1410 544 1497">
     <span class='ocr_line' id='line_1_12' title="bbox 266 1410 544 1497; baseline 0.014 -28"><span class='ocrx_word' id='word_1_69' title='bbox 266 1430 270 1443; x_wconf 82' lang='grc'>·</span> <span class='ocrx_word' id='word_1_70' title='bbox 359 1410 427 1471; x_wconf 74' lang='lat' dir='ltr'>aeid</span> <span class='ocrx_word' id='word_1_71' title='bbox 439 1414 544 1497; x_wconf 84' lang='lat' dir='ltr'>aliquid</span> 
     </span>
    </p>
   </div>
   <div class='ocr_carea' id='block_1_8' title="bbox 357 1410 1125 1745">
    <p class='ocr_par' dir='ltr' id='par_1_8' title="bbox 357 1410 1125 1745">
     <span class='ocr_line' id='line_1_13' title="bbox 597 1410 1125 1481; baseline 0.004 -8"><span class='ocrx_word' id='word_1_72' title='bbox 597 1432 655 1473; x_wconf 83' lang='lat' dir='ltr'>toto</span> <span class='ocrx_word' id='word_1_73' title='bbox 664 1412 723 1479; x_wconf 77' lang='lat' dir='ltr'>hoc</span> <span class='ocrx_word' id='word_1_74' title='bbox 734 1413 805 1481; x_wconf 83' lang='lat' dir='ltr'>libro</span> <span class='ocrx_word' id='word_1_75' title='bbox 818 1411 972 1472; x_wconf 83' lang='lat' dir='ltr'>summatim</span> <span class='ocrx_word' id='word_1_76' title='bbox 982 1410 1125 1475; x_wconf 86' lang='lat' dir='ltr'>observare</span> 
     </span>
     <span class='ocr_line' id='line_1_14' title="bbox 357 1491 1124 1575; baseline 0.008 -26"><span class='ocrx_word' id='word_1_77' title='bbox 357 1491 443 1567; x_wconf 76' lang='lat' dir='ltr'>juvat.</span> <span class='ocrx_word' id='word_1_78' title='bbox 457 1493 640 1575; x_wconf 68' lang='lat' dir='ltr'>compertum</span> <span class='ocrx_word' id='word_1_79' title='bbox 648 1496 729 1553; x_wconf 86' lang='lat' dir='ltr'>enim</span> <span class='ocrx_word' id='word_1_80' title='bbox 739 1493 810 1561; x_wconf 84' lang='lat' dir='ltr'>mihi</span> <span class='ocrx_word' id='word_1_81' title='bbox 820 1494 927 1561; x_wconf 70' lang='lat' dir='ltr'>uidetur</span> <span class='ocrx_word' id='word_1_82' title='bbox 937 1499 983 1567; x_wconf 65' lang='grc' dir='ltr'>,δι</span> <span class='ocrx_word' id='word_1_83' title='bbox 995 1493 1124 1558; x_wconf 78' lang='lat' dir='ltr'>omnibus</span> 
     </span>
     <span class='ocr_line' id='line_1_15' title="bbox 359 1569 1125 1652; baseline 0.01 -23"><span class='ocrx_word' id='word_1_84' title='bbox 359 1569 535 1652; x_wconf 73' lang='lat' dir='ltr'>perspedium</span> <span class='ocrx_word' id='word_1_85' title='bbox 552 1575 603 1634; x_wconf 83' lang='lat' dir='ltr'>erit</span> <span class='ocrx_word' id='word_1_86' title='bbox 611 1618 623 1651; x_wconf 79' lang='lat'>,</span> <span class='ocrx_word' id='word_1_87' title='bbox 652 1592 681 1631; x_wconf 90' lang='lat' dir='ltr'>ut</span> <span class='ocrx_word' id='word_1_88' title='bbox 702 1594 721 1631; x_wconf 92' lang='lat' dir='ltr'>o</span> <span class='ocrx_word' id='word_1_89' title='bbox 742 1576 828 1645; x_wconf 85' lang='lat' dir='ltr'>inor,</span> <span class='ocrx_word' id='word_1_90' title='bbox 851 1572 983 1637; x_wconf 81' lang='lat' dir='ltr'>Tacitum</span> <span class='ocrx_word' id='word_1_91' title='bbox 1001 1571 1071 1633; x_wconf 85' lang='lat' dir='ltr'>nihil</span> <span class='ocrx_word' id='word_1_92' title='bbox 1086 1574 1125 1636; x_wconf 81' lang='lat' dir='ltr'>de</span> 
     </span>
     <span class='ocr_line' id='line_1_16' title="bbox 357 1647 1123 1745; baseline 0.007 -37"><span class='ocrx_word' id='word_1_93' title='bbox 357 1647 698 1719; x_wconf 80' lang='lat' dir='ltr'>Germanorummoribus</span> <span class='ocrx_word' id='word_1_94' title='bbox 720 1648 1017 1745; x_wconf 35' lang='lat' dir='ltr'>¹cripstsse,&#39;.quddcum</span> <span class='ocrx_word' id='word_1_95' title='bbox 1026 1651 1123 1716; x_wconf 72' lang='lat' dir='ltr'>naturd</span> 
     </span>
    </p>
   </div>
   <div class='ocr_carea' id='block_1_9' title="bbox 251 1730 1122 1815">
    <p class='ocr_par' dir='ltr' id='par_1_9' title="bbox 251 1730 1122 1815">
     <span class='ocr_line' id='line_1_17' title="bbox 251 1730 1122 1815; baseline 0.001 -26"><span class='ocrx_word' id='word_1_96' title='bbox 251 1766 255 1775; x_wconf 85' lang='lat'><em>·</em></span> <span class='ocrx_word' id='word_1_97' title='bbox 358 1736 387 1789; x_wconf 71' lang='grc' dir='ltr'><strong>ἃ</strong></span> <span class='ocrx_word' id='word_1_98' title='bbox 400 1736 512 1795; x_wconf 87' lang='lat' dir='ltr'>veritate</span> <span class='ocrx_word' id='word_1_99' title='bbox 525 1754 585 1791; x_wconf 81' lang='lat' dir='ltr'>nott</span> <span class='ocrx_word' id='word_1_100' title='bbox 595 1730 758 1800; x_wconf 81' lang='lat' dir='ltr'>consentiat.</span> <span class='ocrx_word' id='word_1_101' title='bbox 775 1732 806 1792; x_wconf 89' lang='lat' dir='ltr'>Si</span> <span class='ocrx_word' id='word_1_102' title='bbox 817 1753 908 1806; x_wconf 89' lang='lat' dir='ltr'>emm,</span> <span class='ocrx_word' id='word_1_103' title='bbox 922 1750 951 1791; x_wconf 92' lang='lat' dir='ltr'>ut</span> <span class='ocrx_word' id='word_1_104' title='bbox 961 1731 1122 1815; x_wconf 86' lang='lat' dir='ltr'>quibusdam</span> 
     </span>
    </p>
   </div>
   <div class='ocr_carea' id='block_1_10' title="bbox 355 1804 1121 1895">
    <p class='ocr_par' dir='ltr' id='par_1_10' title="bbox 355 1804 1121 1895">
     <span class='ocr_line' id='line_1_18' title="bbox 355 1804 1121 1895; baseline 0.001 -26"><span class='ocrx_word' id='word_1_105' title='bbox 355 1804 479 1891; x_wconf 77' lang='lat' dir='ltr'><strong>placuit,</strong></span> <span class='ocrx_word' id='word_1_106' title='bbox 497 1814 613 1895; x_wconf 86' lang='lat' dir='ltr'>iugenio</span> <span class='ocrx_word' id='word_1_107' title='bbox 630 1810 680 1872; x_wconf 93' lang='lat' dir='ltr'>suo</span> <span class='ocrx_word' id='word_1_108' title='bbox 697 1810 845 1873; x_wconf 85' lang='lat' dir='ltr'>indulsisset</span> <span class='ocrx_word' id='word_1_109' title='bbox 854 1812 987 1887; x_wconf 84' lang='lat' dir='ltr'>Tacitus,</span> <span class='ocrx_word' id='word_1_110' title='bbox 1003 1832 1032 1871; x_wconf 92' lang='lat' dir='ltr'>ut</span> <span class='ocrx_word' id='word_1_111' title='bbox 1047 1810 1121 1871; x_wconf 86' lang='lat' dir='ltr'>Ger-</span> 
     </span>
    </p>
   </div>
   <div class='ocr_carea' id='block_1_11' title="bbox 229 1890 1123 1974">
    <p class='ocr_par' dir='ltr' id='par_1_11' title="bbox 229 1890 1123 1974">
     <span class='ocr_line' id='line_1_19' title="bbox 229 1890 1123 1974; baseline 0.001 -26"><span class='ocrx_word' id='word_1_112' title='bbox 229 1908 236 1925; x_wconf 71' lang='lat'>²</span> <span class='ocrx_word' id='word_1_113' title='bbox 354 1910 503 1952; x_wconf 87' lang='lat' dir='ltr'>manorum</span> <span class='ocrx_word' id='word_1_114' title='bbox 517 1914 613 1962; x_wconf 24' lang='lat' dir='ltr'>,mores</span> <span class='ocrx_word' id='word_1_115' title='bbox 630 1891 748 1973; x_wconf 83' lang='lat' dir='ltr'>fingeret</span> <span class='ocrx_word' id='word_1_116' title='bbox 758 1890 875 1972; x_wconf 74' lang='lat' dir='ltr'>potitis,</span> <span class='ocrx_word' id='word_1_117' title='bbox 894 1890 979 1974; x_wconf 81' lang='lat' dir='ltr'>quim</span> <span class='ocrx_word' id='word_1_118' title='bbox 992 1890 1123 1967; x_wconf 81' lang='lat' dir='ltr'>referret,</span> 
     </span>
    </p>
   </div>
   <div class='ocr_carea' id='block_1_12' title="bbox 332 1966 1202 2365">
    <p class='ocr_par' dir='ltr' id='par_1_12' title="bbox 332 1966 1202 2365">
     <span class='ocr_line' id='line_1_20' title="bbox 332 1966 1202 2053; baseline 0.003 -26"><span class='ocrx_word' id='word_1_119' title='bbox 332 2004 335 2017; x_wconf 90' lang='lat'>·</span> <span class='ocrx_word' id='word_1_120' title='bbox 352 1966 500 2043; x_wconf 75' lang='lat' dir='ltr'>Romanos</span> <span class='ocrx_word' id='word_1_121' title='bbox 514 1971 646 2052; x_wconf 82' lang='lat' dir='ltr'>carpendi</span> <span class='ocrx_word' id='word_1_122' title='bbox 660 1970 798 2050; x_wconf 82' lang='lat' dir='ltr'>cupidus;</span> <span class='ocrx_word' id='word_1_123' title='bbox 818 1974 963 2053; x_wconf 89' lang='lat' dir='ltr'>quomodo</span> <span class='ocrx_word' id='word_1_124' title='bbox 973 1972 1066 2033; x_wconf 77' lang='lat' dir='ltr'>moras</span> <span class='ocrx_word' id='word_1_125' title='bbox 1078 1971 1120 2030; x_wconf 84' lang='lat' dir='ltr'>illi</span> <span class='ocrx_word' id='word_1_126' title='bbox 1196 1997 1202 2006; x_wconf 87' lang='lat'>·</span> 
     </span>
     <span class='ocr_line' id='line_1_21' title="bbox 350 2044 1120 2130; baseline 0.006 -25"><span class='ocrx_word' id='word_1_127' title='bbox 350 2044 560 2113; x_wconf 79' lang='lat' dir='ltr'>Gennanorum</span> <span class='ocrx_word' id='word_1_128' title='bbox 580 2070 645 2107; x_wconf 86' lang='lat' dir='ltr'>curu</span> <span class='ocrx_word' id='word_1_129' title='bbox 666 2048 872 2112; x_wconf 80' lang='lat' dir='ltr'>Cauadenfiurn</span> <span class='ocrx_word' id='word_1_130' title='bbox 893 2049 1016 2107; x_wconf 84' lang='lat' dir='ltr'>moribus</span> <span class='ocrx_word' id='word_1_131' title='bbox 1033 2052 1120 2130; x_wconf 84' lang='lat' dir='ltr'>,qui</span> 
     </span>
     <span class='ocr_line' id='line_1_22' title="bbox 351 2122 1119 2263; baseline 0.007 -83"><span class='ocrx_word' id='word_1_132' title='bbox 351 2126 448 2203; x_wconf 83' lang='lat' dir='ltr'>uigent</span> <span class='ocrx_word' id='word_1_133' title='bbox 460 2126 569 2200; x_wconf 89' lang='lat' dir='ltr'>adhuc,</span> <span class='ocrx_word' id='word_1_134' title='bbox 588 2122 722 2207; x_wconf 86' lang='lat' dir='ltr'>nobisque</span> <span class='ocrx_word' id='word_1_135' title='bbox 735 2122 807 2218; x_wconf 41' lang='lat' dir='ltr'>sunt·</span> <span class='ocrx_word' id='word_1_136' title='bbox 845 2124 1029 2263; x_wconf 45' lang='lat' dir='ltr'>tspgeitx&#39;ssmri,</span> <span class='ocrx_word' id='word_1_137' title='bbox 1045 2144 1119 2185; x_wconf 79' lang='lat' dir='ltr'>con·</span> 
     </span>
     <span class='ocr_line' id='line_1_23' title="bbox 349 2202 1118 2365; baseline 0.005 -24"><span class='ocrx_word' id='word_1_138' title='bbox 349 2202 669 2359; x_wconf 44' lang='lat' dir='ltr'>dudd</span> <span class='ocrx_word' id='word_1_139' title='bbox 685 2224 1118 2365; x_wconf 49' lang='lat' dir='ltr'>triumfus</span> 
     </span>
    </p>
   </div>
   <div class='ocr_carea' id='block_1_13' title="bbox 261 2363 1115 2448">
    <p class='ocr_par' dir='ltr' id='par_1_13' title="bbox 261 2363 1115 2448">
     <span class='ocr_line' id='line_1_24' title="bbox 261 2363 1115 2448; baseline 0.001 -24"><span class='ocrx_word' id='word_1_140' title='bbox 261 2412 268 2424; x_wconf 90' lang='lat'><em>.</em></span> <span class='ocrx_word' id='word_1_141' title='bbox 345 2364 541 2445; x_wconf 85' lang='lat' dir='ltr'>gundiouum,</span> <span class='ocrx_word' id='word_1_142' title='bbox 588 2366 736 2448; x_wconf 74' lang='lat' dir='ltr'>rugiorum,</span> <span class='ocrx_word' id='word_1_143' title='bbox 752 2363 1024 2447; x_wconf 80' lang='lat' dir='ltr'>Langobardorum,</span> <span class='ocrx_word' id='word_1_144' title='bbox 1042 2366 1115 2425; x_wconf 84' lang='lat' dir='ltr'>alio-</span> 
     </span>
    </p>
   </div>
   <div class='ocr_carea' id='block_1_14' title="bbox 342 2442 1153 2769">
    <p class='ocr_par' dir='ltr' id='par_1_14' title="bbox 342 2442 1153 2769">
     <span class='ocr_line' id='line_1_25' title="bbox 347 2442 1153 2527; baseline 0 -27"><span class='ocrx_word' id='word_1_145' title='bbox 347 2461 481 2527; x_wconf 82' lang='lat' dir='ltr'>rumque,</span> <span class='ocrx_word' id='word_1_146' title='bbox 495 2442 647 2527; x_wconf 85' lang='lat' dir='ltr'>superstites</span> <span class='ocrx_word' id='word_1_147' title='bbox 660 2443 913 2526; x_wconf 73' lang='lat' dir='ltr'>deprehendimus?</span> <span class='ocrx_word' id='word_1_148' title='bbox 933 2443 1111 2523; x_wconf 84' lang='lat' dir='ltr'>Quomodo,</span> <span class='ocrx_word' id='word_1_149' title='bbox 1150 2491 1153 2500; x_wconf 82' lang='grc'><em>,</em></span> 
     </span>
     <span class='ocr_line' id='line_1_26' title="bbox 346 2522 1111 2609; baseline 0.004 -27"><span class='ocrx_word' id='word_1_150' title='bbox 346 2526 411 2603; x_wconf 86' lang='lat' dir='ltr'>post</span> <span class='ocrx_word' id='word_1_151' title='bbox 431 2545 471 2587; x_wconf 91' lang='lat' dir='ltr'>tot</span> <span class='ocrx_word' id='word_1_152' title='bbox 490 2524 631 2608; x_wconf 88' lang='lat' dir='ltr'>tantasque</span> <span class='ocrx_word' id='word_1_153' title='bbox 649 2522 810 2587; x_wconf 75' lang='lat' dir='ltr'>seculorum</span> <span class='ocrx_word' id='word_1_154' title='bbox 828 2543 912 2609; x_wconf 86' lang='lat' dir='ltr'>atque</span> <span class='ocrx_word' id='word_1_155' title='bbox 928 2528 1111 2607; x_wconf 76' lang='lat' dir='ltr'>imperiorum</span> 
     </span>
     <span class='ocr_line' id='line_1_27' title="bbox 345 2604 1108 2682; baseline 0.003 -21"><span class='ocrx_word' id='word_1_156' title='bbox 345 2604 420 2665; x_wconf 88' lang='lat' dir='ltr'>vices</span> <span class='ocrx_word' id='word_1_157' title='bbox 434 2652 443 2682; x_wconf 92' lang='lat'>,</span> <span class='ocrx_word' id='word_1_158' title='bbox 462 2628 555 2667; x_wconf 85' lang='lat' dir='ltr'>mores</span> <span class='ocrx_word' id='word_1_159' title='bbox 569 2608 654 2680; x_wconf 90' lang='lat' dir='ltr'>illos,</span> <span class='ocrx_word' id='word_1_160' title='bbox 672 2607 737 2667; x_wconf 86' lang='lat' dir='ltr'>illos</span> <span class='ocrx_word' id='word_1_161' title='bbox 753 2605 815 2667; x_wconf 87' lang='lat' dir='ltr'>usus</span> <span class='ocrx_word' id='word_1_162' title='bbox 835 2604 939 2673; x_wconf 83' lang='lat' dir='ltr'>tamdiu</span> <span class='ocrx_word' id='word_1_163' title='bbox 953 2609 1108 2679; x_wconf 84' lang='lat' dir='ltr'>retinuere,</span> 
     </span>
     <span class='ocr_line' id='line_1_28' title="bbox 342 2678 1108 2769; baseline 0.001 -27"><span class='ocrx_word' id='word_1_164' title='bbox 342 2678 484 2769; x_wconf 73' lang='lat' dir='ltr'>hodieque</span> <span class='ocrx_word' id='word_1_165' title='bbox 506 2688 609 2769; x_wconf 68' lang='lat' dir='ltr'>magni</span> <span class='ocrx_word' id='word_1_166' title='bbox 630 2706 664 2745; x_wconf 86' lang='lat' dir='ltr'>ex</span> <span class='ocrx_word' id='word_1_167' title='bbox 684 2706 769 2766; x_wconf 78' lang='lat' dir='ltr'>parte.</span> <span class='ocrx_word' id='word_1_168' title='bbox 782 2688 902 2745; x_wconf 85' lang='lat' dir='ltr'>retinent</span> <span class='ocrx_word' id='word_1_169' title='bbox 919 2682 1059 2751; x_wconf 64' lang='lat' dir='ltr'>immensu</span> <span class='ocrx_word' id='word_1_170' title='bbox 1078 2691 1108 2743; x_wconf 82' lang='lat' dir='ltr'>dc</span> 
     </span>
    </p>
   </div>
   <div class='ocr_carea' id='block_1_15' title="bbox 258 2760 1108 2841">
    <p class='ocr_par' dir='ltr' id='par_1_15' title="bbox 258 2760 1108 2841">
     <span class='ocr_line' id='line_1_29' title="bbox 258 2760 1108 2841; baseline -0.007 -18"><span class='ocrx_word' id='word_1_171' title='bbox 258 2796 269 2823; x_wconf 88' lang='lat'>·.</span> <span class='ocrx_word' id='word_1_172' title='bbox 341 2760 452 2826; x_wconf 56' lang='lat' dir='ltr'>diver&amp;</span> <span class='ocrx_word' id='word_1_173' title='bbox 471 2764 705 2837; x_wconf 78' lang='lat' dir='ltr'>Germanorum,</span> <span class='ocrx_word' id='word_1_174' title='bbox 727 2760 921 2834; x_wconf 72' lang='lat' dir='ltr'>Francorum,</span> <span class='ocrx_word' id='word_1_175' title='bbox 944 2762 1108 2841; x_wconf 81' lang='lat' dir='ltr'>Anglorum</span> 
     </span>
    </p>
   </div>
   <div class='ocr_carea' id='block_1_16' title="bbox 339 2840 1106 2998">
    <p class='ocr_par' dir='ltr' id='par_1_16' title="bbox 339 2840 1106 2998">
     <span class='ocr_line' id='line_1_30' title="bbox 340 2840 1106 2925; baseline -0.001 -24"><span class='ocrx_word' id='word_1_176' title='bbox 340 2859 459 2923; x_wconf 78' lang='lat' dir='ltr'>gentes?</span> <span class='ocrx_word' id='word_1_177' title='bbox 481 2843 631 2925; x_wconf 87' lang='lat' dir='ltr'>Quotquot</span> <span class='ocrx_word' id='word_1_178' title='bbox 644 2844 784 2913; x_wconf 82' lang='lat' dir='ltr'>vivimus,</span> <span class='ocrx_word' id='word_1_179' title='bbox 805 2847 834 2897; x_wconf 86' lang='lat'>&amp;</span> <span class='ocrx_word' id='word_1_180' title='bbox 847 2840 960 2897; x_wconf 83' lang='lat' dir='ltr'>annales</span> <span class='ocrx_word' id='word_1_181' title='bbox 976 2840 1106 2917; x_wconf 83' lang='lat' dir='ltr'>nostros,</span> 
     </span>
     <span class='ocr_line' id='line_1_31' title="bbox 339 2914 1104 2998; baseline 0.001 -19"><span class='ocrx_word' id='word_1_182' title='bbox 339 2924 446 2981; x_wconf 84' lang='lat' dir='ltr'>nostras</span> <span class='ocrx_word' id='word_1_183' title='bbox 464 2921 558 2998; x_wconf 86' lang='lat' dir='ltr'>leges,</span> <span class='ocrx_word' id='word_1_184' title='bbox 581 2919 688 2975; x_wconf 85' lang='lat' dir='ltr'>nostros</span> <span class='ocrx_word' id='word_1_185' title='bbox 703 2914 764 2973; x_wconf 88' lang='lat' dir='ltr'>usus</span> <span class='ocrx_word' id='word_1_186' title='bbox 777 2918 927 2991; x_wconf 85' lang='lat' dir='ltr'>novimus,</span> <span class='ocrx_word' id='word_1_187' title='bbox 948 2916 1013 2979; x_wconf 92' lang='lat' dir='ltr'>huic</span> <span class='ocrx_word' id='word_1_188' title='bbox 1030 2920 1104 2981; x_wconf 88' lang='lat' dir='ltr'>libro</span> 
     </span>
    </p>
   </div>
   <div class='ocr_carea' id='block_1_17' title="bbox 333 2989 1111 3317">
    <p class='ocr_par' dir='ltr' id='par_1_17' title="bbox 333 2989 1111 3317">
     <span class='ocr_line' id='line_1_32' title="bbox 337 2989 1105 3077; baseline -0.008 -22"><span class='ocrx_word' id='word_1_189' title='bbox 337 2998 423 3059; x_wconf 83' lang='lat' dir='ltr'>fidem</span> <span class='ocrx_word' id='word_1_190' title='bbox 438 2996 563 3055; x_wconf 81' lang='lat' dir='ltr'>facimus.</span> <span class='ocrx_word' id='word_1_191' title='bbox 592 2993 712 3055; x_wconf 87' lang='lat' dir='ltr'>Utinam</span> <span class='ocrx_word' id='word_1_192' title='bbox 728 2990 861 3055; x_wconf 82' lang='lat' dir='ltr'>faciamus</span> <span class='ocrx_word' id='word_1_193' title='bbox 878 2991 1003 3077; x_wconf 84' lang='lat' dir='ltr'>semper,</span> <span class='ocrx_word' id='word_1_194' title='bbox 1023 2989 1105 3072; x_wconf 52' lang='lat' dir='ltr'>Ger}</span> 
     </span>
     <span class='ocr_line' id='line_1_33' title="bbox 337 3072 1101 3159; baseline 0.009 -24"><span class='ocrx_word' id='word_1_195' title='bbox 337 3072 515 3159; x_wconf 79' lang='lat' dir='ltr'>manicasque</span> <span class='ocrx_word' id='word_1_196' title='bbox 530 3077 660 3149; x_wconf 86' lang='lat' dir='ltr'>virtutes,</span> <span class='ocrx_word' id='word_1_197' title='bbox 679 3075 759 3135; x_wconf 86' lang='lat' dir='ltr'>novis</span> <span class='ocrx_word' id='word_1_198' title='bbox 776 3082 804 3135; x_wconf 88' lang='lat'>&amp;</span> <span class='ocrx_word' id='word_1_199' title='bbox 826 3076 976 3152; x_wconf 86' lang='lat' dir='ltr'>majoribus</span> <span class='ocrx_word' id='word_1_200' title='bbox 993 3080 1024 3139; x_wconf 88' lang='lat' dir='ltr'>iu</span> <span class='ocrx_word' id='word_1_201' title='bbox 1041 3079 1101 3142; x_wconf 85' lang='lat' dir='ltr'>dies</span> 
     </span>
     <span class='ocr_line' id='line_1_34' title="bbox 334 3152 1111 3231; baseline 0.009 -18"><span class='ocrx_word' id='word_1_202' title='bbox 334 3155 498 3231; x_wconf 84' lang='lat' dir='ltr'>virtutibus,</span> <span class='ocrx_word' id='word_1_203' title='bbox 519 3157 711 3216; x_wconf 86' lang='lat' dir='ltr'>cumulemus!</span> <span class='ocrx_word' id='word_1_204' title='bbox 735 3152 822 3216; x_wconf 82' lang='lat' dir='ltr'>Acin</span> <span class='ocrx_word' id='word_1_205' title='bbox 840 3155 897 3216; x_wconf 91' lang='lat' dir='ltr'>hoc</span> <span class='ocrx_word' id='word_1_206' title='bbox 914 3157 987 3218; x_wconf 82' lang='lat' dir='ltr'>libro</span> <span class='ocrx_word' id='word_1_207' title='bbox 1006 3181 1111 3221; x_wconf 34' lang='lat' dir='ltr'>mores*</span> 
     </span>
     <span class='ocr_line' id='line_1_35' title="bbox 333 3230 1097 3317; baseline 0.005 -22"><span class='ocrx_word' id='word_1_208' title='bbox 333 3230 498 3311; x_wconf 82' lang='lat' dir='ltr'>Romanos,</span> <span class='ocrx_word' id='word_1_209' title='bbox 510 3238 555 3297; x_wconf 85' lang='lat' dir='ltr'>vel</span> <span class='ocrx_word' id='word_1_210' title='bbox 565 3238 660 3309; x_wconf 82' lang='lat' dir='ltr'>silens,</span> <span class='ocrx_word' id='word_1_211' title='bbox 672 3233 770 3315; x_wconf 77' lang='lat' dir='ltr'>passim</span> <span class='ocrx_word' id='word_1_212' title='bbox 781 3239 869 3317; x_wconf 82' lang='lat' dir='ltr'>carpit</span> <span class='ocrx_word' id='word_1_213' title='bbox 877 3235 1001 3298; x_wconf 81' lang='lat' dir='ltr'>Tacitus.</span> <span class='ocrx_word' id='word_1_214' title='bbox 1021 3238 1097 3301; x_wconf 74' lang='lat' dir='ltr'>Verd</span> 
     </span>
    </p>
   </div>
   <div class='ocr_carea' id='block_1_18' title="bbox 235 3312 1099 3454">
    <p class='ocr_par' dir='ltr' id='par_1_18' title="bbox 235 3312 1099 3454">
     <span class='ocr_line' id='line_1_36' title="bbox 235 3312 1099 3454; baseline 0.012 -85"><span class='ocrx_word' id='word_1_215' title='bbox 235 3363 239 3369; x_wconf 89' lang='lat'>.</span> <span class='ocrx_word' id='word_1_216' title='bbox 267 3362 270 3367; x_wconf 94' lang='lat'>.</span> <span class='ocrx_word' id='word_1_217' title='bbox 331 3315 447 3454; x_wconf 67' lang='lat' dir='ltr'>quidem</span> <span class='ocrx_word' id='word_1_218' title='bbox 462 3323 489 3375; x_wconf 77' lang='grc' dir='ltr'>δι</span> <span class='ocrx_word' id='word_1_219' title='bbox 504 3312 585 3375; x_wconf 79' lang='lat' dir='ltr'>belld.</span> <span class='ocrx_word' id='word_1_220' title='bbox 615 3312 683 3373; x_wconf 89' lang='lat' dir='ltr'>Hoc</span> <span class='ocrx_word' id='word_1_221' title='bbox 700 3315 738 3373; x_wconf 82' lang='lat' dir='ltr'>cst</span> <span class='ocrx_word' id='word_1_222' title='bbox 753 3318 830 3375; x_wconf 86' lang='lat' dir='ltr'>enim</span> <span class='ocrx_word' id='word_1_223' title='bbox 846 3318 947 3393; x_wconf 88' lang='lat' dir='ltr'>optimi</span> <span class='ocrx_word' id='word_1_224' title='bbox 965 3318 1099 3415; x_wconf 66' lang='lat' dir='ltr'>cujusque</span> 
     </span>
    </p>
   </div>
   <div class='ocr_carea' id='block_1_19' title="bbox 310 3392 1093 3549">
    <p class='ocr_par' dir='ltr' id='par_1_19' title="bbox 310 3392 1093 3549">
     <span class='ocr_line' id='line_1_37' title="bbox 345 3392 1093 3476; baseline 0.008 -23"><span class='ocrx_word' id='word_1_225' title='bbox 345 3398 470 3476; x_wconf 84' lang='lat' dir='ltr'>criptoris</span> <span class='ocrx_word' id='word_1_226' title='bbox 482 3394 620 3467; x_wconf 84' lang='lat' dir='ltr'>officium,</span> <span class='ocrx_word' id='word_1_227' title='bbox 632 3392 691 3453; x_wconf 81' lang='lat' dir='ltr'>haec</span> <span class='ocrx_word' id='word_1_228' title='bbox 702 3413 785 3467; x_wconf 87' lang='lat' dir='ltr'>cura,</span> <span class='ocrx_word' id='word_1_229' title='bbox 800 3392 858 3452; x_wconf 86' lang='lat' dir='ltr'>haec</span> <span class='ocrx_word' id='word_1_230' title='bbox 869 3395 947 3467; x_wconf 85' lang='lat' dir='ltr'>laus,</span> <span class='ocrx_word' id='word_1_231' title='bbox 962 3396 997 3457; x_wconf 87' lang='lat' dir='ltr'>ad</span> <span class='ocrx_word' id='word_1_232' title='bbox 1009 3401 1093 3458; x_wconf 83' lang='lat' dir='ltr'>aetatis</span> 
     </span>
     <span class='ocr_line' id='line_1_38' title="bbox 310 3470 1092 3549; baseline 0.001 -14"><span class='ocrx_word' id='word_1_233' title='bbox 310 3470 384 3545; x_wconf 60' lang='lat' dir='ltr'>,suae</span> <span class='ocrx_word' id='word_1_234' title='bbox 406 3496 519 3549; x_wconf 84' lang='lat' dir='ltr'>mores,</span> <span class='ocrx_word' id='word_1_235' title='bbox 545 3472 600 3533; x_wconf 86' lang='lat' dir='ltr'>fine</span> <span class='ocrx_word' id='word_1_236' title='bbox 627 3470 810 3545; x_wconf 88' lang='lat' dir='ltr'>adulatione,</span> <span class='ocrx_word' id='word_1_237' title='bbox 841 3472 896 3534; x_wconf 86' lang='lat' dir='ltr'>fine</span> <span class='ocrx_word' id='word_1_238' title='bbox 918 3473 1092 3547; x_wconf 81' lang='lat' dir='ltr'>offensione,</span> 
     </span>
    </p>
   </div>
   <div class='ocr_carea' id='block_1_20' title="bbox 323 3549 1091 3700">
    <p class='ocr_par' dir='ltr' id='par_1_20' title="bbox 323 3549 1091 3700">
     <span class='ocr_line' id='line_1_39' title="bbox 323 3549 1091 3700; baseline 0.005 -89"><span class='ocrx_word' id='word_1_239' title='bbox 323 3549 768 3637; x_wconf 63' lang='lat' dir='ltr'>.2ni1uum&#39;advctterc„eosque</span> <span class='ocrx_word' id='word_1_240' title='bbox 787 3573 842 3649; x_wconf 69' lang='lat' dir='ltr'>pto</span> <span class='ocrx_word' id='word_1_241' title='bbox 863 3552 915 3619; x_wconf 88' lang='lat' dir='ltr'>suis</span> <span class='ocrx_word' id='word_1_242' title='bbox 935 3555 1091 3700; x_wconf 47' lang='lat' dir='ltr'>viqideulqoqql</span> 
     </span>
    </p>
   </div>
   <div class='ocr_carea' id='block_1_21' title="bbox 0 0 1388 4634">
    <p class='ocr_par' dir='ltr' id='par_1_21' title="bbox 0 0 1388 4634">
     <span class='ocr_line' id='line_1_40' title="bbox 0 0 1388 4634; baseline 0 14"><span class='ocrx_word' id='word_1_243' title='bbox 0 0 1388 4634; x_wconf 95' lang='lat' dir='ltr'> </span> 
     </span>
    </p>
   </div>
  </div>
 </body>
</html>
