2767 4634
328 575 401 648 '108
454 568 783 640 oconnrrn
813 566 992 639 Tncrrt

329 689 438 765 solum
454 688 544 790 apud
561 712 620 761 vos
636 710 775 783 arguam
788 741 800 773 ,
812 682 919 783 'quod
935 710 1031 761 natus
1047 682 1096 760 acl

330 789 561 889 eloquentiam
585 784 719 858 virilem
741 795 776 859 &
793 787 1003 877 oratoriam,
1025 786 1093 883 qual

330 916 444 993 parare
456 886 553 960 fimul
564 896 598 959 &
613 886 701 958 tueri
712 886 896 975 amicitias,
912 886 1093 963 adsciscere

329 992 514 1076 nationes,
548 985 731 1084 complesti
755 987 943 1085 provincias
970 988 1067 1088 possit
1080 1031 1099 1077 ,‹

329 1090 456 1164 amittit
473 1085 646 1174 studium,
670 1114 741 1187 quo
757 1113 827 1157 non
845 1086 938 1159 aliud
957 1088 993 1159 in
1009 1089 1095 1169 civi-

249 1250 253 1254 .
329 1186 398 1263 tate
414 1186 521 1261 nostrai
535 1186 589 1259 vel
606 1187 650 1259 ad
670 1186 853 1258 utilitatem
871 1185 1095 1279 frustuosrus,

330 1290 385 1365 vel
400 1289 443 1361 ad
459 1288 661 1389 dignitatem
678 1286 845 1389 amplius,
864 1287 919 1361 vel
932 1288 975 1360 ad
988 1290 1098 1361 Urbis

328 1387 459 1463 samam
477 1388 668 1490 pulchrius,
691 1390 750 1460 vel
767 1386 812 1460 ad
834 1389 935 1461 totius
957 1389 1095 1489 imperii

326 1512 429 1590 atque
438 1488 761 1589 omniumgentium
769 1488 928 1560 notitiam
937 1488 1096 1563 illustrius

329 1591 512 1693 excogitari
535 1591 650 1691 potest.
682 1590 774 1661 Nam
797 1587 821 1659 st
843 1589 886 1662 ad
910 1586 1095 1663 utilitatem

329 1692 405 1767 vitae
422 1692 538 1763 omnia
555 1688 690 1763 consrlia
711 1686 865 1787 fassaque
882 1690 999 1762 nostra
1010 1690 1096 1762 diri*

330 1792 442 1895 genda
454 1784 553 1880 sunt,
577 1790 660 1890 quid
676 1791 741 1863 erit
754 1791 880 1879 tutius,
899 1792 1002 1889 qusm
1018 1816 1094 1863 eam

330 1894 484 1967 exercere
517 1916 660 1979 artem,
694 1889 761 1989 qus
786 1888 918 1991 semper
948 1916 1095 1965 armatus

329 1992 514 2095 praesidium
528 1990 663 2077 amicit,
678 2016 781 2089 opem
795 1990 935 2079 alienis,
951 1990 1094 2066 salutern

329 2091 619 2194 periclitantibus,
644 2089 768 2161 invidis
793 2092 874 2162 veri)
892 2101 928 2165 δέ
948 2093 1096 2165 inimicis
1189 2137 1193 2146 ·

329 2216 463 2264 merum
480 2200 696 2263 &terrorem
715 2188 805 2285 ultro
821 2187 931 2279 seras,
954 2192 1024 2294 ipse
1043 2191 1096 2266 se-

329 2288 448 2380 curus,
462 2302 496 2365 &
508 2289 600 2363 velut
611 2287 759 2387 quldam
772 2291 931 2392 perpetual
943 2292 1095 2392 potentis
1139 2382 1144 2395 Ι

330 2418 368 2465 ac
382 2394 542 2491 potestate
556 2392 727 2465 munitus?
741 2392 893 2491 cujusvis
907 2402 943 2465 &
958 2394 1095 2484 utilitas,
1134 2467 1139 2475 ,

329 2492 430 2566 rebus
445 2488 598 2594 prospere
614 2491 795 2565 fluentibus
811 2549 821 2580 ,
845 2492 987 2565 aliomm
1002 2521 1096 2595 prae·

330 2592 416 2667 srdio
435 2603 471 2669 &
485 2592 590 2669 tuteltl
604 2592 828 2696 intelligitur:
851 2590 898 2665 srn
919 2597 1094 2696 proprium

234 2692 236 2697 ’
330 2696 520 2796 periculum
534 2695 724 2794 increpuit,
739 2722 809 2766 non
822 2693 957 2764 hercule
970 2694 1093 2786 lorica,

329 2820 388 2867 aut
401 2794 529 2894 gladius
548 2797 583 2865 in
598 2796 668 2865 acie
684 2792 813 2863 firmius
824 2790 1093 2883 munimentum,

353 2894 460 2980 urlmr
517 2903 552 2965 &
566 2888 767 2989 periclitanti
780 2887 995 2984 eloquentia,
1014 2917 1094 2990 prae-

328 2922 450 3065 lidium
491 2988 562 3060 m-ul
580 2998 615 3061 &
631 2982 763 3075 telum,
787 3013 857 3085 quo
881 3012 1094 3091 propugnare

328 3092 474 3209 pariter,
496 3098 531 3163 &
543 3086 725 3176 incessere,
745 3086 844 3161 velin
857 3086 1007 3186 judicio,
1025 3091 1093 3168 srve

283 3254 291 3265 ,
329 3220 371 3289 ¹¹¹,
393 3189 534 3281 senatu,
562 3188 628 3263 srve
653 3188 745 3291 apud
768 3188 958 3290 Principem
986 3192 1092 3291 possis.

330 3292 427 3384 Quid
441 3290 533 3365 aliud
552 3290 676 3364 infestis
691 3290 838 3389 patribus
856 3316 963 3390 nuper
974 3295 1092 3394 Eprius

328 3393 512 3467 Marcellus
528 3450 538 3481 ,
560 3392 662 3491 quim
677 3389 909 3489 eloquentiam
921 3389 1014 3464 suam
1027 3420 1091 3494 op-

327 3492 458 3597 posuit?
477 3494 536 3596 qui
550 3493 715 3573 accinsius
730 3500 766 3570 &
777 3492 914 3584 minax,
931 3490 1093 3573 disertam
