2767 4634
370 570 566 661 Dinio‘ous
591 612 634 658 ur
664 584 929 662 Onnrorunusr*
982 564 1057 685 aad
1129 624 1138 647 κ

284 686 339 777 illi
359 702 504 792 scirent,
531 730 588 776 aut
608 732 669 779 nos
690 704 898 808 nesciamus,
916 706 964 779 ita
983 705 1051 781 hoc'

284 812 424 903 quoque
451 803 676 903 cognoscam,
699 805 821 903 quibus
838 808 1053 879 exercitatio·

282 905 384 975 nibus
403 913 568 1003 juvenes,
598 906 667 999 jani
694 915 730 978 &
752 899 868 977 ¹forum
889 908 1051 1007 ingteffi,

281 1003 486 1097 confirmate
499 1014 536 1077 &
549 1002 638 1078 alere
651 1004 686 1075 in
713 1006 789 1077 enia
801 1004 858 1081 su'a
870 1004 959 1077 soliti
971 1006 1052 1093 finti⁴

191 1172 194 1176 .
283 1104 516 1201 nequeenim
539 1114 609 1177 arte
629 1114 664 1177 &
688 1032 850 1197 leientid,
872 1103 931 1179 sed
949 1106 1053 1219 longe
1127 1116 1130 1124 '

192 1214 201 1221 ‘
242 1288 244 1293 ,
284 1204 399 1304 tnagis·
418 1200 577 1277 facultate
604 1202 836 1303 eloquentiam
860 1207 1027 1278 contineri
1039 1214 1053 1296 ',

282 1329 348 1377 nec
366 1328 427 1392 tu,
451 1329 560 1405 pute,
582 1304 733 1393 abnues,
757 1315 793 1379 δι
811 1307 852 1377 hi
866 1304 1051 1407 significare
1142 1301 1147 1309 ¹

284 1402 379 1486 vultu
390 1404 559 1477 videntur.
574 1404 714 1478 Deinde
725 1403 903 1506 ciimAper
913 1432 1051 1504 quoque

210 1499 215 1505 ’
280 1512 322 1597 ,δι
344 1502 518 1575 Secundus
533 1502 627 1576 idem
643 1503 859 1593 annuiffent,
879 1503 1022 1600 Meffala
1035 1558 1054 1591 ,

310 1601 379 1675 uasa
394 1600 500 1675 rursus
513 1604 695 1704 incipiens:
715 1606 891 1696 Quoniam
905 1606 1003 1676 initia
1015 1615 1052 1678 &

284 1623 417 1777 iimina
436 1704 556 1777 veteris
575 1703 776 1803 eloquentiae
797 1703 873 1801 satis
893 1703 1059 1777 demons-

287 1800 385 1876 ttalle
414 1802 561 1891 videor,
593 1803 752 1901 docendo
779 1805 901 1904 quibus
926 1804 1055 1878 artibus

286 1903 420 2001 antiqui
441 1928 589 1979 oratores
605 1904 732 1977 institui
751 1905 943 2003 erudirique
963 1904 1055 1980 soliti

287 1998 380 2091 sint,
406 2000 582 2103 persequar
605 2032 695 2092 nunc
720 2006 973 2079 exercitationes
995 2034 1057 2102 ιεο-Ι
1140 2012 1144 2021 “

213 2116 216 2123 ’
287 2129 387 2191 tum,
406 2130 615 2203 quamquam
631 2102 706 2203 ipsis
720 2105 844 2196 artibus
865 2106 948 2180 inest
961 2132 1062 2179 exer-.

290 2204 499 2293 citatio,nec
509 2203 688 2304 quisquam
699 2207 868 2306 percipere
879 2231 930 2279 tot
941 2233 1058 2280 recon-

291 2302 400 2392 ditas,
422 2330 480 2377 aut
501 2329 574 2377 tam
595 2306 700 2377 varias
722 2332 773 2379 res
791 2304 1005 2407 potest,¹nis1
1021 2329 1062 2381 ut

290 2402 435 2501 scientiar
451 2404 653 2493 meditatio,
671 2406 890 2479 meditationi>
898 2405 1060 2495 facultas,

265 2502 266 2505 ¹
290 2500 445 2579 facultati
460 2506 509 2579 vis
524 2495 727 2605 eloquentiae
739 2507 876 2581 accedat
890 2535 898 2577 :
912 2531 971 2606 pet
985 2510 1061 2606 quae

292 2602 466 2703 colligitur
494 2607 653 2681 eamdem
687 2599 752 2681 elle
783 2607 986 2691 rationem,
1024 2614 1063 2677 δε

292 2702 521 2809 percipiendi,
533 2732 604 2805 quae
614 2703 784 2806 profetas,
799 2715 834 2779 δι
870 2702 1063 2791 toferendi,
1082 2703 1084 2706 ’

293 2820 368 2905 quae
385 2808 572 2905 perceperis
584 2808 593 2877 't
614 2805 673 2881 sed
687 2806 712 2879 st
725 2806 779 2881 cui
789 2734 979 2878 obliutiota
992 2803 1063 2876 hac

292 2902 463 2993 videntur,
476 2902 569 3003 isque
580 2895 754 2981 scientiam
767 2905 810 2979 ab
824 2904 1063 2979 exercitatione

293 2990 445 3104 separat,
472 3004 509 3078 id
535 3008 624 3080 certe
647 3006 840 3095 concedet,
865 3007 1064 3079 instructum

295 3103 496 3202 &plenum
521 3105 572 3179 his
596 3106 723 3181 artibus
746 3107 929 3196 animum,
960 3104 1064 3205 longd

294 3204 501 3305 paratiorem
522 3205 642 3280 adeas
664 3205 919 3281 exercitationes
940 3229 1065 3281 ventu·

295 3328 399 3393 rum,
429 3332 503 3407 quae
531 3307 671 3409 propriae
694 3306 782 3379 circa
805 3304 988 3379 oratoriam
1013 3303 1065 3377 vi-

297 3400 431 3477 dentur.
838 3461 841 3469 .

352 3502 523 3583 XXXIV·
543 3506 651 3585 Erro
670 3506 759 3613 apud
777 3509 922 3615 majores
940 3500 1067 3603 nostros
1109 3584 1112 3589 ,

255 3662 258 3673 ,
570 3664 573 3667 .
845 3606 936 3704 an
