2767 4634
358 568 450 666 isis
510 574 561 645 ln
587 570 762 641 Lrnnoru
790 559 991 648 1aner¹

335 749 340 768 ‚
361 706 441 763 rent,
460 708 493 747 ea
507 706 599 747 tamen
610 686 682 745 ulrro
715 685 851 767 randique
859 689 950 766 pretio
961 704 1063 749 emere.
1079 681 1135 755 Erla

361 766 518 827 ludibrium.
541 762 663 823 Gravior
676 706 768 825 adhuc
779 768 901 841 injuria,
920 764 1004 841 crim,
1023 768 1146 847 apertiss'

361 845 486 919 horreis,
505 845 644 925 persoluto
668 866 702 904 ue
721 845 879 927 stipendio,
902 848 931 906 in
953 845 1073 905 militum
1090 864 1126 905 ac

362 925 479 1009 praesidis
498 921 558 981 usus
580 865 741 1005 exigdbatur
760 926 949 1000 frumentum,
969 925 1047 1008 quod
1059 926 1126 986 Bri·

361 1006 437 1071 tanni
455 1020 530 1063 certo
547 1002 671 1085 quodam
693 1024 727 1063 ac
749 1005 804 1069 leri
820 1009 911 1085 pretio
921 1051 930 1081 ,
954 1025 971 1064 a
986 1026 1128 1087 procura*⁴

361 1082 462 1144 toribus
482 1080 689 1163 publicanisque
713 1083 868 1157 estimato,
896 1082 1015 1144 vendere
1035 1073 1148 1167 coges

359 1162 467 1221 bantur.
499 1158 571 1238 Qua
599 1162 711 1222 tandem
732 1163 908 1223 intoleranda
929 1183 986 1225 erat
1004 1162 1124 1239 saevitia,

356 1240 530 1301 indicebatur
548 1240 719 1314 civitatibus,
737 1260 787 1317 ut,
805 1245 906 1301 nonin
917 1241 964 1301 libi
976 1246 1124 1323 proxima,
1163 1272 1168 1281 ·

356 1318 402 1381 sed
416 1322 447 1379 in
462 1338 570 1380 remora
582 1327 608 1379 &
621 1323 682 1381 avia
695 1318 829 1395 hiberna,
843 1341 894 1401 per
905 1320 1029 1381 devortia
1040 1324 1125 1382 itine-

357 1418 419 1459 rum
445 1399 590 1481 longaque
612 1402 760 1481 regionum
784 1400 928 1460 intervalla
952 1398 1123 1463 frumentum

358 1477 503 1541 deferrent.
529 1478 576 1541 Sic
593 1480 671 1573 quod
692 1480 822 1539 omnibus
840 1481 870 1537 in
891 1498 1025 1559 promptu
1041 1484 1127 1553 erat}

356 1561 451 1641 paucis
472 1558 626 1639 publicanis
643 1557 784 1622 lucrosum
804 1558 896 1618 fiebat.
924 1558 958 1617 ln
978 1561 1012 1618 iis
1028 1577 1130 1618 autem.

355 1641 519 1717 injuriarum
532 1635 651 1698 versutiis
663 1686 672 1715 ,
686 1660 748 1698 non
761 1638 875 1699 deerant
886 1636 968 1710 land,
984 1640 1033 1721 qui
1047 1637 1133 1699 leros
1248 1666 1260 1677 -

357 1720 445 1779 ciores
466 1718 663 1778 Britannorum
683 1721 793 1777 animos
814 1720 896 1781 variis
916 1716 1039 1780 ludibriis
1060 1714 1130 1777 alsi⁴

358 1795 473 1881 duisque
494 1797 634 1857 laboribus
658 1796 814 1858 domandos
839 1798 1003 1873 jaditarcnt.
1038 1794 1154 1860 Viua'

356 1877 435 1962 plebs
454 1875 562 1958 semper
579 1898 648 1954 rea,
668 1875 735 1937 crim
754 1879 897 1957 premitur.

397 1954 526 2020 Vendere
542 1956 638 2033 pretio.
656 1956 728 2015 Non
739 1955 963 2030 emendandum,
982 1973 1012 2016 ot
1028 1956 1129 2034 placet·

356 2032 507 2095 Gronovio
518 2081 528 2109 ,
540 2033 657 2095 uendere
665 2054 762 2109 parvo.
777 2034 848 2094 Hac
861 2033 1001 2093 frumenta
1012 2036 1104 2111 pretio
1112 2039 1128 2107 ,i

273 2144 276 2149 ¹
355 2134 373 2173 a
393 2113 549 2191 publicanis
571 2114 735 2185 estimato,
755 2112 955 2174 vendebantur.
980 2110 1068 2173 Unde
1087 2115 1125 2172 iia

355 2210 481 2267 nomen,
491 2188 662 2268 frumentum
681 2189 848 2271 estimatum.
1093 2202 1096 2207 “

396 2347 474 2411 Cnr.
486 2348 557 2413 XX.
576 2350 713 2414 Priorum.
731 2350 860 2422 Priorum
877 2350 1031 2435 praefidum.
1121 2380 1126 2385 ·

394 2427 452 2491 Udi
467 2431 554 2511 ostar.
578 2431 666 2493 Anno
680 2431 769 2495 Urbis
783 2434 901 2497 condita
916 2441 1121 2505 occcxxxrr,·

295 2506 298 2524 '
356 2506 420 2578 Jesu
436 2510 538 2572 Christi
553 2534 602 2586 79.
730 2535 733 2539 ·
859 2536 863 2541 ·
1118 2541 1124 2547 ·

393 2577 504 2652 Multus
516 2592 547 2653 in
561 2590 682 2675 agmine.
706 2592 782 2653 Bene
793 2588 847 2652 ΜΓ.
857 2589 952 2654 Varie.
965 2611 1051 2670 3429.
1070 2588 1122 2649 Sia

354 2687 469 2751 quoque
483 2674 639 2747 conjecerat
653 2672 702 2733 cl.
716 2672 752 2732 de
769 2673 797 2731 la
810 2672 938 2735 Bleterie.
968 2670 1119 2749 Perperam

243 2774 246 2781 ·
355 2766 458 2810 veteres
474 2750 609 2811 editiones
626 2750 740 2811 muirdm
758 2748 790 2808 in
809 2749 929 2831 agmine.
951 2748 1062 2809 Multus
1080 2747 1122 2805 est

355 2825 427 2887 certe
438 2835 466 2887 δι
477 2831 519 2889 ele
542 2834 647 2902 antioc,
664 2836 691 2887 &
702 2827 766 2886 huic
776 2828 844 2885 loco
855 2830 955 2905 aptior.
974 2826 1021 2883 Sic
1035 2823 1065 2885 su
1087 2824 1122 2889 td

352 2906 459 2977 ‘'Annal.
471 2850 556 2977 XIX,
571 2916 608 2977 56
616 2950 624 2974 ,
642 2922 723 2963 rarus
729 2923 779 2978 per
792 2902 904 2963 Urbem.
929 2902 965 2963 Et
974 2902 1046 2963 infrd
1057 2847 1121 2980 iit.

351 2985 452 3063 'Agric
476 2980 655 3055 XXXVII,
687 2977 821 3059 frequens
852 2980 948 3062 ub'upue
974 2981 1119 3065 Agricola.

352 3060 487 3137 Nempe,
509 3060 609 3119 multus
630 3060 660 3119 in
678 3061 812 3141 agmine,
831 3061 961 3124 laudabat
977 3064 1036 3141 ejus
1052 3084 1119 3125 mo-

352 3135 485 3211 destiam,
505 3137 634 3216 disjedios
653 3139 807 3203 coercebat.
849 3169 855 3179 ’
969 3195 975 3204 .
1106 3156 1110 3162 ’

393 3214 497 3299 Castris
518 3218 571 3299 ipse
595 3239 700 3297 capere.
726 3218 819 3283 Multa
841 3217 931 3280 adbuc
952 3238 1066 3281 manenr
1084 3220 1116 3279 in

351 3295 494 3392 liritannii
509 3300 623 3393 illorum
640 3303 791 3397 callrorum
806 3301 929 3435 νεὶὶίᾗίε.
950 3298 1020 3391 Duo
1041 3320 1118 3379 praeff

350 3375 581 3533 illiniri?
624 3380 748 3541 illl&
761 3376 969 3517 illidii.
986 3378 1117 3521 liill}

349 3531 489 3614 Gnidon,
501 3534 678 3607 itinerarium
686 3535 926 3618 Septemionale,
937 3542 1053 3693 pff(
1068 3542 1117 3624 133·

590 3638 592 3645 ·
707 3640 711 3648 ·
1041 3631 1118 3682 arrae
