2767 4634
342 581 552 665 'Drnioous
580 607 623 657 or
649 577 913 659 Ouaroarsosc
966 606 1036 686 ,149

266 702 376 809 bonis
399 704 525 787 artibus
548 696 734 801 relinquit?
755 725 904 802 quotum
922 732 1045 805 quem·
1097 785 1101 793 ,

272 836 344 908 que
356 806 546 892 inveneris,
563 804 623 913 qui
632 800 734 884 domi
745 802 935 903 quidcmam
946 805 1042 886 aliud

274 910 464 1009 loquatur?
495 933 580 1010 quos
606 903 690 983 alios
715 902 1045 987 adolescentulorum

272 1008 446 1092 sermones
460 1006 662 1107 excipimus,
685 1004 860 1111 fiquando
877 1005 1045 1089 auditoria

271 1109 494 1189 intravimus?
510 1108 565 1182 Ne
576 1132 793 1215 praeceptores
806 1106 947 1211 quidem
960 1106 1045 1189 ullas

275 1210 568 1287 crebrioresfcum
592 1205 801 1290 auditoribus
827 1204 891 1283 suis
915 1204 1047 1289 fabulas

277 1310 437 1391 habeon
465 1306 632 1407 colligunt
655 1308 751 1383 enim
773 1299 953 1411 discipulos
974 1336 1046 1385 non

193 1410 195 1417 ’
275 1408 450 1495 severitate
463 1405 644 1509 ¹discipline
660 1464 671 1503 ,
695 1435 758 1493 nec
772 1408 902 1509 ingenii
919 1410 1048 1511 experi-

279 1534 425 1607 mento,
452 1507 512 1589 sed
534 1508 723 1588 ambitione
748 1505 989 1599 salutantium,
1012 1519 1049 1594 ὃς

275 1610 445 1691 illecebris
456 1608 673 1691 adulationis,
693 1602 846 1685 Transeo
859 1615 969 1713 prima
984 1606 1049 1685 dis·

211 1714 218 1727 “
280 1712 433 1786 centium
462 1709 664 1801 elementa,
696 1708 883 1818 inquibus
911 1720 948 1786 δι
972 1709 1049 1812 ipsis
1102 1804 1105 1818 Ι

279 1839 400 1916 parum
416 1809 629 1889 elaboratur:
649 1836 713 1885 nec
732 1810 768 1882 in
784 1810 975 1900 austoribus
990 1838 1050 1885 co-

220 1910 224 1921 '
279 1910 499 2015 gnoscendis,
514 1938 578 1986 nec
587 1910 623 1983 in
635 1908 825 1994 evolvendi
834 1911 1050 2012 antiquitate,
1117 1983 1122 2008 ¹

279 2041 343 2089 nec
360 2014 397 2086 in
408 2010 532 2089 notitii
545 2011 600 2091 vel
614 2036 753 2100 rerum,
775 2010 831 2087 vel
843 2011 1051 2103 hominum,

279 2113 335 2189 vel
362 2139 583 2215 temporum,
604 2109 682 2187 satis
704 2139 820 2213 operae
843 2112 1049 2192 insumitur:

280 2212 339 2289 sed
359 2236 588 2315 expetuntur,
620 2240 707 2317 quos
730 2213 880 2290 rhetoras
905 2237 1050 2289 vocantt
1120 2290 1123 2297 ,

280 2311 1051 2417 quorumprofessioquandoprimitminhanc

281 2415 417 2493 Urbem
431 2412 678 2487 introductam
693 2471 705 2503 ,
727 2443 900 2516 quamque
920 2412 1051 2491 nullam

282 2516 374 2614 apud
398 2510 542 2612 majores
566 2516 695 2592 nostros
711 2518 961 2593 audioritatem
990 2514 1053 2587 ha·

281 2614 422 2702 buerit,
445 2615 555 2689 statim
575 2614 734 2687 docuero.
1032 2682 1035 2687 .

334 2716 453 2789 XXX.
476 2716 656 2789 Reform
679 2708 810 2801 neceffe
833 2712 880 2788 est
898 2711 1053 2787 animum

274 2813 429 2889 adeam
456 2812 695 2916 disciplinam,
722 2810 790 2916 qud
815 2810 890 2886 usos
909 2810 1065 2911 effeeos'

284 2940 434 2992 oratores
463 2916 689 3017 accepimus,
725 2941 873 3015 quotum
901 2913 1053 2989 infinitus

284 3014 409 3107 labor,
444 3016 702 3114 &quotidiana
724 3015 927 3105 meditatio,
957 3024 994 3089 &
1015 3013 1054 3088 iti

284 3116 383 3191 omni
413 3143 536 3216 genere
562 3116 749 3191 studiorum
776 3116 1054 3204 exercitationes,
1102 3200 1106 3203 ,
1138 3158 1152 3175 ··

275 3214 435 3317 ipsorum
451 3216 555 3291 etiam
573 3216 792 3292 continentur
811 3214 914 3287 libris.
942 3217 1052 3293 Notus

287 3318 334 3389 est
346 3316 443 3389 nobis
454 3316 571 3419 utique
583 3315 762 3409 Ciceronis
774 3314 879 3403 liber,
897 3314 958 3411 qui
970 3318 1054 3391 Bru·
1068 3326 1073 3331 “

286 3440 341 3499 tus
359 3414 576 3506 inscribitur,
595 3418 641 3491 ¹in
661 3425 754 3517 cujus
771 3412 921 3497 extremi
937 3439 1053 3515 parte,

273 3518 299 3617 ·(
311 3542 393 3600 uam
405 3518 497 3629 prior
513 3518 882 3595 commemorationem
898 3540 1053 3593 veterum
