2767 4634
345 654 398 701 or
425 604 730 700 Onnronrsns
760 622 909 735 Nora.
963 651 1040 731 409

265 734 377 811 borum
387 746 494 830 ipsum,
512 744 589 830 quod
601 744 720 827 superest
735 768 770 807 ex
785 751 905 833 antiquis
919 755 1038 813 oratori·-

268 830 343 904 bus,
362 851 422 888 non
435 830 473 888 est
484 846 679 909 argumentum
691 828 842 909 emendata
852 840 879 889 δι
892 830 928 891 ad
939 850 1036 893 votum

269 908 429 989 composttae
441 910 566 968 civitatis.
585 905 663 973 Male
675 906 738 966 libri
748 906 830 982 editi,
842 908 1035 993 quodfitperest

270 988 392 1068 antiquis
412 986 574 1047 oratoribus.
600 986 774 1047 Emendabat
791 986 972 1065 Gronovius,
987 1010 1039 1051 oua

272 1068 350 1149 tiqui.
372 1064 464 1129 Multd
481 1065 650 1147 probabilius
665 1068 704 1127 est
719 1066 845 1129 excidille
860 1070 1038 1152 praepositio¹

271 1168 339 1209 nem
358 1166 404 1210 ex.

312 1225 527 1309 Sapientiffimut
552 1223 582 1286 ὓ*
606 1242 688 1285 unus.
711 1225 789 1285 Laus
806 1226 844 1284 est
857 1224 921 1285 Vel
935 1226 1042 1301 afrani,
1142 1217 1146 1224 ‘

272 1304 713 1446 lllllllsmblbllblbf
737 1303 959 1443 ddbstbldnd
969 1306 1041 1447 ld:

256 1463 404 1525 'BLlCA.
434 1461 548 1523 FlDES
579 1460 841 1523 FELICITATIS.
864 1462 946 1521 ‘Inde
966 1462 1041 1529 edm

204 1612 209 1625 ι
272 1542 379 1604 Plinius
395 1542 443 1619 ll,
462 1564 497 1616 7,
515 1540 729 1602 innumerabilia
749 1542 865 1602 deorum
886 1563 904 1601 a
926 1544 1002 1604 mina
1022 1564 1041 1603 a

274 1620 436 1681 mortalibus
455 1639 564 1702 reperta
579 1621 755 1683 memorasset
768 1668 777 1696 ,
795 1620 888 1682 addit:
942 1621 1041 1703 eusejl

272 1698 380 1762 mortali
399 1701 496 1780 juvate
518 1697 681 1773 mortalem,
707 1699 738 1763 Cr
764 1701 824 1762 ltoee
849 1699 885 1761 ud
909 1718 1042 1763 ceramum

271 1777 391 1861 glorium
402 1778 459 1843 via.
476 1778 537 1840 Huc
547 1797 673 1855 proteres
684 1779 740 1841 iere
750 1779 868 1841 Romani
879 1804 890 1838 .·
901 1778 954 1841 bac
966 1798 1043 1839 nune

277 1856 374 1939 calesti
384 1858 458 1941 pafflt
470 1878 531 1919 tum
541 1855 635 1929 liberis
641 1856 705 1937 suis
714 1858 793 1922 vadit
802 1858 942 1920 maximus
954 1858 1044 1920 omnis

276 1935 434 2029 attintedlor
451 1934 482 2004 V
479 1936 634 2021 effiastuttus
650 1934 791 2023 Augustus
800 1936 879 2022 feffis
889 1936 969 2001 rebus
977 1936 1044 2021 [ιὼς

276 2034 403 2080 vemens.
462 2062 467 2095 ‚

298 2175 391 2237 ·Cnr.
405 2174 501 2242 XLII.
523 2137 612 2239 Plura
629 2174 686 2238 dici
701 2174 810 2239 vellem.
838 2175 909 2237 lnde
927 2174 1043 2259 quidam

272 2258 425 2335 opinantur
439 2256 698 2348 alte-rumhabitum
710 2254 794 2346 ‘fuisse
806 2254 974 2336 dialogum,
994 2258 1045 2348 qui

275 2337 368 2414 periit.
389 2334 428 2393 At
443 2336 474 2393 in
487 2333 530 2392 hts
540 2332 769 2413 disputationibus
786 2330 851 2392 edm
861 2341 889 2391 δι
904 2334 1045 2395 modestia

164 2468 169 2481 ,
276 2412 326 2489 fit,
347 2429 377 2473 ut
391 2410 482 2470 'nemo
500 2408 527 2471 se
546 2413 679 2473 vistotem
701 2409 875 2492 arrogantius
894 2411 1046 2493 praedicet,

278 2498 311 2549 δι·
333 2491 531 2564 humanitatis,
559 2509 589 2550 ut
611 2512 696 2551 nemo
719 2487 746 2549 se
774 2492 877 2550 vidium
902 2489 1044 2568 Fateatur,

278 2568 316 2631 fic
338 2568 408 2649 saepe
431 2568 654 2646 concluduntur,
674 2568 750 2652 quali
773 2569 864 2631 adium
887 2591 990 2653 anceps
1012 2570 1045 2633 fit

279 2652 414 2731 quastio‚
440 2655 467 2706 &
490 2648 657 2710 enucleatius
682 2648 856 2729 explicanda.
879 2649 943 2710 Nec
966 2652 1045 2712 aliter

278 2726 356 2808 apud
370 2730 542 2791 Ciceronem
564 2730 599 2790 de
616 2728 725 2789 Natutd
741 2728 878 2801 deorum,
900 2728 965 2803 ΙΙΙ,
987 2752 1026 2802 40
1035 2776 1046 2806 ‚

278 2806 402 2882 Balbus,
429 2806 514 2869 Cotta
543 2815 571 2869 δι
600 2802 727 2871 Velleius
755 2804 906 2869 discedunt.
933 2809 1047 2891 Integer

279 2908 349 2968 ergo
372 2889 411 2948 est
435 2908 469 2946 ex
500 2888 553 2949 hae
580 2907 658 2969 parte
680 2887 818 2967 dialogus.
842 2886 963 2949 Utinam
991 2890 1048 2951 alia

281 2969 392 3041 multa,
421 2987 482 3050 quae
502 2971 658 3029 notavimus
689 2964 771 3047 suptd
802 2988 865 3049 cap.
902 2988 960 3045 35,
986 2989 1048 3029 non

280 3040 448 3125 periissent!
479 3045 523 3105 Ut
553 3050 584 3105 in
612 3047 767 3106 Annalium
802 3046 1048 3131 Historiarumque

282 3124 358 3182 libris
377 3120 600 3183 absolutissimum
617 3122 749 3185 habemus
787 3128 885 3186 olitieae
902 3131 970 3188 artis
984 3150 1047 3186 nto·

283 3214 468 3275 numentum}
488 3204 519 3261 in
540 3203 611 3262 libro
633 3203 668 3262 de
690 3146 817 3262 Motibus
838 3203 1049 3271 Germanorum

258 3358 262 3373 ‘
284 3284 430 3363 egregium
441 3279 615 3417 lpumanitatis
626 3282 827 3377 rudimentum,
838 3285 1050 3378 nollrarutnque

283 3360 1051 3525 lllltbllltlllle:lellltfltdlllllzll

288 3540 344 3601 que
363 3523 393 3578 in
411 3518 536 3601 Dialogo
554 3520 588 3580 de
608 3519 774 3582 Oratoribus
794 3520 955 3581 haberemus
973 3526 1050 3603 opti-

287 3620 367 3663 mum
389 3598 531 3661 literatum
556 3600 779 3686 documentum,
805 3600 1053 3684 validiffitnumque
