2767 4634
350 598 397 678 uz
465 571 795 647 oceanum
822 572 1000 650 'rrum
1081 569 1086 575 ’

348 691 519 793 omnique
541 691 672 767 tuteli:
696 691 851 768 securum
866 695 936 769 deae
954 693 1122 768 cultorem

353 795 458 869 etiam
478 794 568 866 inter
587 793 696 866 hostes
715 796 851 888 praestat.
874 798 991 871 ,Rarus
1015 794 1122 883 ferri,

350 893 513 992 frequens
531 889 669 966 fustium
683 892 767 967 usus.
789 897 971 971 Frumeuta
984 895 1126 971 ceteros⁴

352 1021 421 1094 que
443 991 569 1066 fruetus
591 994 798 1096 patientius,
822 996 927 1094 qualm
947 1023 1009 1098 pro
1027 995 1127 1070 solitd

353 1101 610 1191 Germanorum
633 1094 779 1185 inetril,
802 1095 983 1174 laborant·
1001 1099 1068 1170 Sed
1089 1107 1127 1170 δε

353 1222 450 1270 mare
466 1192 653 1284 scrutantur
664 1223 680 1290 ‘3
703 1223 741 1268 ac
761 1195 823 1268 soli
843 1197 1002 1272 omnium
1022 1196 1129 1269 succi-

354 1323 470 1384 num,
498 1296 593 1395 quod
618 1294 677 1396 ipsi
702 1295 834 1388 Gleficm
858 1323 1008 1387 vocant,
1035 1297 1127 1370 inter

356 1395 445 1476 vada
465 1421 569 1497 atque
592 1393 722 1498 inipso
744 1396 844 1472 litore
869 1397 998 1499 legunt.
1029 1398 1130 1485 Nec,

357 1525 432 1597 quae
447 1515 588 1587 natura,
608 1524 725 1597 quaeve
738 1498 824 1570 ratio
837 1499 954 1596 gignat
969 1555 980 1586 ‚
1002 1521 1040 1568 ut
1054 1497 1132 1570 bat-

357 1596 929 1698 baris,quaes1tumcomperturnve.
942 1597 1016 1670 Diu
1026 1597 1131 1695 quin·

325 1733 331 1744 ·
356 1699 463 1772 etiarn
479 1699 567 1770 inter
587 1721 697 1770 cetera
714 1702 939 1794 ejectamenta
959 1698 1061 1778 maris
1081 1706 1131 1795 ja-

359 1799 476 1887 cebat,
487 1797 599 1872 donec
607 1795 737 1870 luxuria
751 1799 861 1870 nostra
872 1797 969 1870 dedit
980 1824 1129 1872 nomen:

357 1897 437 2001 ipsis
451 1899 487 1970 in
500 1899 596 1973 nullo
609 1894 691 1994 usu3
716 1898 799 1970 tude
814 1897 960 1999 legitur,
979 1895 1130 1977 informe

360 1995 1023 2100 perfertur,pretiumquemitantesacci
1048 2000 1133 2075 iunt.

364 2101 509 2171 Succum
529 2123 644 2170 tamen
668 2097 829 2170 arborum
850 2097 916 2174 effe
938 2027 1133 2198 intelligas,

365 2198 446 2296 quia
474 2221 606 2272 terrena
634 2197 790 2294 quaedam
817 2222 919 2298 atque
948 2201 1053 2275 etiarn
1075 2227 1136 2270 vo·

254 2295 259 2299 ,
359 2297 471 2372 -lucria
494 2297 655 2370 animalia
680 2298 880 2399 plerumque
905 2299 1135 2387 interlucent,

366 2425 441 2499 quat
456 2391 629 2498 implicata
648 2399 816 2487 humore,
839 2426 920 2471 mox
937 2396 1136 2478 durescente

362 2497 536 2587 material,
566 2499 758 2586 cluduntur.
802 2498 1008 2572 Fecundiora
1032 2498 1138 2598 igitur

370 2625 512 2672 nemora
527 2598 705 2700 lucosque,
724 2599 805 2687 sicut
817 2597 971 2671 Orientis
987 2594 1138 2687 secretis,

373 2700 432 2773 ubi
445 2701 541 2774 thura
556 2701 770 2864 balsamqque
782 2698 962 2782 sudantur,
978 2698 1141 2770 ita-Occi-

372 2799 483 2871 dentis
497 2798 611 2886 insulis
623 2797 698 2868 terr'
717 2808 783 2890 que
795 2790 898 2866 ineffe
910 2793 1139 2885 crediderim,

372 2924 446 2994 quae
460 2897 560 2968 vicini
579 2895 666 2966 Solis
685 2891 786 2962 radiis
811 2888 955 2990 expteffa
974 2916 1076 2992 atque
1095 2895 1140 2968 li-

373 2997 512 3094 quentia
528 2995 566 3063 in
579 2991 772 3091 proximum
789 3017 882 3063 mate
899 2989 1078 3083 labuntur,
1101 3025 1141 3069 ac

373 3096 409 3166 vi
418 3095 653 3192 tempestatum
663 3093 698 3165 in
706 3090 840 3165 adversa
849 3090 948 3166 litora
957 3095 1139 3172 exundant.

375 3195 410 3266 Si
431 3217 585 3266 naturam
605 3193 728 3268 succini
748 3194 889 3267 admoto
908 3193 988 3294 igne
1006 3220 1115 3273 tentes
1127 3253 1156 3286 ,„

376 3296 413 3368 in
446 3295 590 3368 modum
627 3295 713 3368 tedae
745 3295 973 3384 accenditur,
1011 3295 1140 3395 alitque

376 3397 553 3472 flammam
574 3397 736 3497 pinguem
749 3405 790 3469 ⁴&
811 3393 984 3466 olentem:
1005 3424 1085 3468 mox
1102 3422 1140 3470 ut

376 3498 415 3574 in
433 3498 545 3603 picem
561 3496 746 3578 resinamve
765 3493 929 3573 lentescit.
957 3496 1142 3575 Suionibus

1254 918 1259 1089 l

1260 1243 1262 1392 l
