<?xml version="1.0" encoding="UTF-8"?>
<!DOCTYPE html PUBLIC "-//W3C//DTD XHTML 1.0 Transitional//EN"
    "http://www.w3.org/TR/xhtml1/DTD/xhtml1-transitional.dtd">
<html xmlns="http://www.w3.org/1999/xhtml" xml:lang="en" lang="en">
 <head>
  <title>
</title>
<meta http-equiv="Content-Type" content="text/html;charset=utf-8" />
  <meta name='ocr-system' content='tesseract 3.04.00' />
  <meta name='ocr-capabilities' content='ocr_page ocr_carea ocr_par ocr_line ocrx_word'/>
</head>
<body>
  <div class='ocr_page' id='page_1' title='image "./operasupplement01tacigoog_0132.png"; bbox 0 0 2767 4634; ppageno 0'>
   <div class='ocr_carea' id='block_1_1' title="bbox 392 622 1117 703">
    <p class='ocr_par' dir='ltr' id='par_1_1' title="bbox 392 622 1117 703">
     <span class='ocr_line' id='line_1_1' title="bbox 392 622 1117 703; baseline 0.017 -10"><span class='ocrx_word' id='word_1_1' title='bbox 392 644 461 693; x_wconf 74' lang='lat'><strong>122</strong></span> <span class='ocrx_word' id='word_1_2' title='bbox 514 622 1057 703; x_wconf 57' lang='lat' dir='ltr'><strong>centaurum·</strong></span> <span class='ocrx_word' id='word_1_3' title='bbox 1107 628 1117 639; x_wconf 82' lang='lat'><em>&#39;</em></span> 
     </span>
    </p>
   </div>
   <div class='ocr_carea' id='block_1_2' title="bbox 387 738 1144 955">
    <p class='ocr_par' dir='ltr' id='par_1_2' title="bbox 387 738 1144 955">
     <span class='ocr_line' id='line_1_2' title="bbox 388 738 1144 846; baseline 0.007 -26"><span class='ocrx_word' id='word_1_4' title='bbox 388 740 575 830; x_wconf 79' lang='lat' dir='ltr'><strong>adfertuir,</strong></span> <span class='ocrx_word' id='word_1_5' title='bbox 598 765 672 817; x_wconf 88' lang='lat' dir='ltr'><strong>tum</strong></span> <span class='ocrx_word' id='word_1_6' title='bbox 700 742 806 817; x_wconf 82' lang='lat' dir='ltr'><strong>etiarn</strong></span> <span class='ocrx_word' id='word_1_7' title='bbox 830 740 910 830; x_wconf 86' lang='lat' dir='ltr'><strong>his,</strong></span> <span class='ocrx_word' id='word_1_8' title='bbox 935 744 991 819; x_wconf 73' lang='lat' dir='ltr'><strong>ad&#39;</strong></span> <span class='ocrx_word' id='word_1_9' title='bbox 1007 738 1144 846; x_wconf 84' lang='lat' dir='ltr'><strong>quoruni</strong></span> 
     </span>
     <span class='ocr_line' id='line_1_3' title="bbox 387 841 1144 955; baseline 0.005 -36"><span class='ocrx_word' id='word_1_10' title='bbox 387 871 481 920; x_wconf 80' lang='lat' dir='ltr'><strong>eures</strong></span> <span class='ocrx_word' id='word_1_11' title='bbox 503 841 730 945; x_wconf 77' lang='lat' dir='ltr'><strong>pervenerint.</strong></span> <span class='ocrx_word' id='word_1_12' title='bbox 763 845 895 955; x_wconf 77' lang='lat' dir='ltr'><strong>¹&#39;Itaque</strong></span> <span class='ocrx_word' id='word_1_13' title='bbox 920 844 1058 921; x_wconf 84' lang='lat' dir='ltr'><strong>hercule</strong></span> <span class='ocrx_word' id='word_1_14' title='bbox 1082 873 1144 928; x_wconf 85' lang='lat' dir='ltr'><strong>non</strong></span> 
     </span>
    </p>
   </div>
   <div class='ocr_carea' id='block_1_3' title="bbox 386 939 1179 1045">
    <p class='ocr_par' dir='ltr' id='par_1_3' title="bbox 386 939 1179 1045">
     <span class='ocr_line' id='line_1_4' title="bbox 386 939 1179 1045; baseline 0.013 -30"><span class='ocrx_word' id='word_1_15' title='bbox 386 942 499 1021; x_wconf 80' lang='lat' dir='ltr'><strong>minin</strong></span> <span class='ocrx_word' id='word_1_16' title='bbox 528 941 662 1043; x_wconf 81' lang='lat' dir='ltr'><strong>probari</strong></span> <span class='ocrx_word' id='word_1_17' title='bbox 689 939 791 1015; x_wconf 88' lang='lat' dir='ltr'><strong>video</strong></span> <span class='ocrx_word' id='word_1_18' title='bbox 816 967 943 1033; x_wconf 81' lang='lat' dir='ltr'><strong>inte,</strong></span> <span class='ocrx_word' id='word_1_19' title='bbox 971 948 1145 1045; x_wconf 85' lang='lat' dir='ltr'><strong>Secunde,</strong></span> <span class='ocrx_word' id='word_1_20' title='bbox 1176 1035 1179 1038; x_wconf 47' lang='grc'><em>,</em></span> 
     </span>
    </p>
   </div>
   <div class='ocr_carea' id='block_1_4' title="bbox 370 1040 1145 1723">
    <p class='ocr_par' dir='ltr' id='par_1_4' title="bbox 370 1040 1145 1723">
     <span class='ocr_line' id='line_1_5' title="bbox 410 1040 1144 1145; baseline 0.012 -31"><span class='ocrx_word' id='word_1_21' title='bbox 410 1042 479 1119; x_wconf 69' lang='lat' dir='ltr'><strong>und</strong></span> <span class='ocrx_word' id='word_1_22' title='bbox 499 1041 583 1124; x_wconf 88' lang='lat' dir='ltr'><strong>Julii</strong></span> <span class='ocrx_word' id='word_1_23' title='bbox 601 1040 740 1119; x_wconf 83' lang='lat' dir='ltr'><strong>Afiatici</strong></span> <span class='ocrx_word' id='word_1_24' title='bbox 759 1042 865 1117; x_wconf 81' lang='lat' dir='ltr'><strong>vitam</strong></span> <span class='ocrx_word' id='word_1_25' title='bbox 886 1050 1144 1145; x_wconf 85' lang='lat' dir='ltr'><strong>componendo,</strong></span> 
     </span>
     <span class='ocr_line' id='line_1_6' title="bbox 379 1073 1144 1247; baseline 0.012 -30"><span class='ocrx_word' id='word_1_26' title='bbox 379 1073 476 1245; x_wconf 68' lang='lat' dir='ltr'><strong>iinern</strong></span> <span class='ocrx_word' id='word_1_27' title='bbox 489 1142 687 1231; x_wconf 85' lang='lat' dir='ltr'><strong>hominibus</strong></span> <span class='ocrx_word' id='word_1_28' title='bbox 699 1140 806 1215; x_wconf 85' lang='lat' dir='ltr'><strong>fecisti</strong></span> <span class='ocrx_word' id='word_1_29' title='bbox 818 1142 967 1243; x_wconf 85' lang='lat' dir='ltr'><strong>plurium</strong></span> <span class='ocrx_word' id='word_1_30' title='bbox 981 1147 1144 1247; x_wconf 84' lang='lat' dir='ltr'><strong>ejusmodi</strong></span> 
     </span>
     <span class='ocr_line' id='line_1_7' title="bbox 379 1240 1145 1345; baseline 0.012 -29"><span class='ocrx_word' id='word_1_31' title='bbox 379 1244 570 1333; x_wconf 87' lang='lat' dir='ltr'><strong>librorum,</strong></span> <span class='ocrx_word' id='word_1_32' title='bbox 589 1243 695 1343; x_wconf 72' lang='lat' dir='ltr'><strong>quim</strong></span> <span class='ocrx_word' id='word_1_33' title='bbox 707 1243 745 1318; x_wconf 90' lang='lat' dir='ltr'><strong>in</strong></span> <span class='ocrx_word' id='word_1_34' title='bbox 753 1240 870 1343; x_wconf 80' lang='lat' dir='ltr'><strong>Apro,</strong></span> <span class='ocrx_word' id='word_1_35' title='bbox 889 1246 985 1345; x_wconf 72' lang='lat' dir='ltr'><strong>quod</strong></span> <span class='ocrx_word' id='word_1_36' title='bbox 993 1250 1145 1331; x_wconf 80' lang='lat' dir='ltr'><strong>nondum</strong></span> 
     </span>
     <span class='ocr_line' id='line_1_8' title="bbox 378 1342 1144 1445; baseline 0.005 -26"><span class='ocrx_word' id='word_1_37' title='bbox 378 1373 400 1419; x_wconf 80' lang='lat' dir='ltr'><strong>e</strong></span> <span class='ocrx_word' id='word_1_38' title='bbox 428 1342 627 1421; x_wconf 86' lang='lat' dir='ltr'><strong>scholasticis</strong></span> <span class='ocrx_word' id='word_1_39' title='bbox 644 1343 891 1421; x_wconf 75' lang='lat' dir='ltr'><strong>,controverfiis</strong></span> <span class='ocrx_word' id='word_1_40' title='bbox 921 1347 1080 1445; x_wconf 81' lang='lat' dir='ltr'><strong>receffit3</strong></span> <span class='ocrx_word' id='word_1_41' title='bbox 1110 1362 1144 1431; x_wconf 90' lang='lat'>&amp;</span> 
     </span>
     <span class='ocr_line' id='line_1_9' title="bbox 370 1442 1143 1537; baseline 0.001 -15"><span class='ocrx_word' id='word_1_42' title='bbox 370 1445 489 1537; x_wconf 86' lang='lat' dir='ltr'><strong>¹otium</strong></span> <span class='ocrx_word' id='word_1_43' title='bbox 510 1442 609 1521; x_wconf 87' lang='lat' dir='ltr'><strong>suum</strong></span> <span class='ocrx_word' id='word_1_44' title='bbox 628 1444 758 1518; x_wconf 86' lang='lat' dir='ltr'><strong>mavult</strong></span> <span class='ocrx_word' id='word_1_45' title='bbox 779 1470 948 1524; x_wconf 85' lang='lat' dir='ltr'><strong>uovorum</strong></span> <span class='ocrx_word' id='word_1_46' title='bbox 970 1446 1143 1530; x_wconf 83' lang='lat' dir='ltr'><strong>rhetorum</strong></span> 
     </span>
     <span class='ocr_line' id='line_1_10' title="bbox 376 1536 1144 1647; baseline -0.003 -26"><span class='ocrx_word' id='word_1_47' title='bbox 376 1536 500 1637; x_wconf 84' lang='lat' dir='ltr'><strong>more,</strong></span> <span class='ocrx_word' id='word_1_48' title='bbox 526 1544 631 1647; x_wconf 73' lang='lat' dir='ltr'><strong>quim</strong></span> <span class='ocrx_word' id='word_1_49' title='bbox 643 1570 798 1625; x_wconf 80' lang='lat' dir='ltr'><strong>veterum</strong></span> <span class='ocrx_word' id='word_1_50' title='bbox 811 1569 1009 1646; x_wconf 73' lang='lat' dir='ltr'><strong>oratorum,</strong></span> <span class='ocrx_word' id='word_1_51' title='bbox 1028 1550 1144 1630; x_wconf 74' lang='lat' dir='ltr'><strong>consu.-</strong></span> 
     </span>
     <span class='ocr_line' id='line_1_11' title="bbox 375 1674 483 1723; baseline -0.037 0"><span class='ocrx_word' id='word_1_52' title='bbox 375 1674 483 1723; x_wconf 87' lang='lat' dir='ltr'><strong>mere.</strong></span> 
     </span>
    </p>
   </div>
   <div class='ocr_carea' id='block_1_5' title="bbox 427 1742 1215 1842">
    <p class='ocr_par' dir='ltr' id='par_1_5' title="bbox 427 1742 1215 1842">
     <span class='ocr_line' id='line_1_12' title="bbox 427 1742 1215 1842; baseline 0.005 -25"><span class='ocrx_word' id='word_1_53' title='bbox 427 1749 510 1825; x_wconf 83' lang='lat' dir='ltr'><strong>XV.</strong></span> <span class='ocrx_word' id='word_1_54' title='bbox 531 1746 589 1825; x_wconf 85' lang='lat' dir='ltr'><strong>Tu</strong></span> <span class='ocrx_word' id='word_1_55' title='bbox 602 1742 765 1842; x_wconf 69' lang='lat' dir='ltr'><strong>uAper,</strong></span> <span class='ocrx_word' id='word_1_56' title='bbox 786 1744 867 1825; x_wconf 88' lang='lat' dir='ltr'><strong>Non</strong></span> <span class='ocrx_word' id='word_1_57' title='bbox 881 1742 1030 1835; x_wconf 81' lang='lat' dir='ltr'><strong>definis,</strong></span> <span class='ocrx_word' id='word_1_58' title='bbox 1052 1748 1141 1829; x_wconf 85' lang='lat' dir='ltr'><strong>Mes·</strong></span> <span class='ocrx_word' id='word_1_59' title='bbox 1212 1780 1215 1783; x_wconf 48' lang='lat'><strong>⁴</strong></span> 
     </span>
    </p>
   </div>
   <div class='ocr_carea' id='block_1_6' title="bbox 322 1843 1140 2345">
    <p class='ocr_par' dir='ltr' id='par_1_6' title="bbox 322 1843 1140 2345">
     <span class='ocr_line' id='line_1_13' title="bbox 374 1843 1140 1945; baseline 0 -23"><span class='ocrx_word' id='word_1_60' title='bbox 374 1845 465 1937; x_wconf 82' lang='lat' dir='ltr'>sala,</span> <span class='ocrx_word' id='word_1_61' title='bbox 490 1871 605 1922; x_wconf 85' lang='lat' dir='ltr'><strong>vetera</strong></span> <span class='ocrx_word' id='word_1_62' title='bbox 628 1843 763 1920; x_wconf 72' lang='lat' dir='ltr'><strong>tantum</strong></span> <span class='ocrx_word' id='word_1_63' title='bbox 786 1854 823 1919; x_wconf 91' lang='lat'><strong>&amp;</strong></span> <span class='ocrx_word' id='word_1_64' title='bbox 845 1844 984 1945; x_wconf 82' lang='lat' dir='ltr'><strong>antiqua</strong></span> <span class='ocrx_word' id='word_1_65' title='bbox 1003 1847 1140 1944; x_wconf 80' lang='lat' dir='ltr'><strong>mirari,</strong></span> 
     </span>
     <span class='ocr_line' id='line_1_14' title="bbox 373 1934 1139 2043; baseline -0.003 -20"><span class='ocrx_word' id='word_1_66' title='bbox 373 1950 566 2023; x_wconf 87' lang='lat' dir='ltr'><strong>nostrorum</strong></span> <span class='ocrx_word' id='word_1_67' title='bbox 589 1934 706 2021; x_wconf 70' lang='lat' dir='ltr'><strong>autem</strong></span> <span class='ocrx_word' id='word_1_68' title='bbox 726 1968 920 2043; x_wconf 86' lang='lat' dir='ltr'><strong>temporum</strong></span> <span class='ocrx_word' id='word_1_69' title='bbox 937 1946 1044 2043; x_wconf 79' lang='lat' dir='ltr'><strong>studia</strong></span> <span class='ocrx_word' id='word_1_70' title='bbox 1059 1949 1139 2021; x_wconf 89' lang='lat' dir='ltr'><strong>inri-</strong></span> 
     </span>
     <span class='ocr_line' id='line_1_15' title="bbox 373 2046 1137 2146; baseline 0.005 -27"><span class='ocrx_word' id='word_1_71' title='bbox 373 2048 457 2121; x_wconf 90' lang='lat' dir='ltr'><strong>dere</strong></span> <span class='ocrx_word' id='word_1_72' title='bbox 469 2070 570 2146; x_wconf 84' lang='lat' dir='ltr'><strong>arque</strong></span> <span class='ocrx_word' id='word_1_73' title='bbox 583 2050 817 2119; x_wconf 84' lang='lat' dir='ltr'><strong>contemnere.</strong></span> <span class='ocrx_word' id='word_1_74' title='bbox 837 2046 928 2118; x_wconf 85' lang='lat' dir='ltr'><strong>Nam</strong></span> <span class='ocrx_word' id='word_1_75' title='bbox 941 2046 1031 2123; x_wconf 88' lang='lat' dir='ltr'><strong>hunc</strong></span> <span class='ocrx_word' id='word_1_76' title='bbox 1042 2073 1137 2131; x_wconf 84' lang='lat' dir='ltr'><strong>ruuru</strong></span> 
     </span>
     <span class='ocr_line' id='line_1_16' title="bbox 322 2142 1137 2249; baseline 0.002 -28"><span class='ocrx_word' id='word_1_77' title='bbox 322 2164 334 2173; x_wconf 81' lang='lat'><em>&#39;</em></span> <span class='ocrx_word' id='word_1_78' title='bbox 371 2145 569 2221; x_wconf 82' lang='lat' dir='ltr'><strong>sermonem</strong></span> <span class='ocrx_word' id='word_1_79' title='bbox 587 2142 671 2249; x_wconf 78' lang='lat' dir='ltr'><strong>saepe</strong></span> <span class='ocrx_word' id='word_1_80' title='bbox 692 2143 832 2244; x_wconf 84' lang='lat' dir='ltr'><strong>excepi,</strong></span> <span class='ocrx_word' id='word_1_81' title='bbox 854 2144 943 2219; x_wconf 77' lang='lat' dir='ltr'><strong>tirm-</strong></span> <span class='ocrx_word' id='word_1_82' title='bbox 958 2147 1082 2224; x_wconf 84' lang='lat' dir='ltr'><strong>oblitus</strong></span> <span class='ocrx_word' id='word_1_83' title='bbox 1101 2161 1137 2233; x_wconf 85' lang='lat'>&amp;</span> 
     </span>
     <span class='ocr_line' id='line_1_17' title="bbox 369 2242 1138 2345; baseline 0.005 -28"><span class='ocrx_word' id='word_1_84' title='bbox 369 2271 459 2337; x_wconf 83' lang='lat' dir='ltr'><strong>tuae,</strong></span> <span class='ocrx_word' id='word_1_85' title='bbox 480 2242 644 2341; x_wconf 84' lang='lat' dir='ltr'><strong>&amp;fratris</strong></span> <span class='ocrx_word' id='word_1_86' title='bbox 660 2244 711 2317; x_wconf 90' lang='lat' dir='ltr'><strong>tui</strong></span> <span class='ocrx_word' id='word_1_87' title='bbox 721 2243 944 2345; x_wconf 79' lang='lat' dir='ltr'><strong>eloquentie,</strong></span> <span class='ocrx_word' id='word_1_88' title='bbox 960 2250 1138 2327; x_wconf 82' lang='lat' dir='ltr'><strong>neminem</strong></span> 
     </span>
    </p>
   </div>
   <div class='ocr_carea' id='block_1_7' title="bbox 368 2344 1136 2521">
    <p class='ocr_par' dir='ltr' id='par_1_7' title="bbox 368 2344 1136 2521">
     <span class='ocr_line' id='line_1_18' title="bbox 368 2344 1136 2521; baseline 0 -96"><span class='ocrx_word' id='word_1_89' title='bbox 368 2349 436 2426; x_wconf 86' lang='lat' dir='ltr'><strong>hoc</strong></span> <span class='ocrx_word' id='word_1_90' title='bbox 454 2372 609 2521; x_wconf 57' lang='lat' dir='ltr'><strong>remgore</strong></span> <span class='ocrx_word' id='word_1_91' title='bbox 625 2370 798 2425; x_wconf 82' lang='lat' dir='ltr'><strong>oratorem</strong></span> <span class='ocrx_word' id='word_1_92' title='bbox 818 2344 885 2421; x_wconf 75' lang='lat' dir='ltr'><strong>effe</strong></span> <span class='ocrx_word' id='word_1_93' title='bbox 905 2350 1136 2437; x_wconf 54' lang='lat' dir='ltr'><strong>contenderes</strong></span> 
     </span>
    </p>
   </div>
   <div class='ocr_carea' id='block_1_8' title="bbox 289 2446 1136 3551">
    <p class='ocr_par' dir='ltr' id='par_1_8' title="bbox 289 2446 1136 3551">
     <span class='ocr_line' id='line_1_19' title="bbox 368 2446 1136 2549; baseline -0.005 -25"><span class='ocrx_word' id='word_1_94' title='bbox 368 2449 490 2549; x_wconf 81' lang='lat' dir='ltr'><strong>Atque</strong></span> <span class='ocrx_word' id='word_1_95' title='bbox 512 2449 525 2521; x_wconf 91' lang='lat' dir='ltr'><strong>i</strong></span> <span class='ocrx_word' id='word_1_96' title='bbox 551 2450 592 2523; x_wconf 79' lang='lat' dir='ltr'><strong>ei&gt;</strong></span> <span class='ocrx_word' id='word_1_97' title='bbox 610 2446 715 2527; x_wconf 78' lang='lat' dir='ltr'><strong>cr&#39;edo</strong></span> <span class='ocrx_word' id='word_1_98' title='bbox 735 2446 916 2537; x_wconf 76' lang='lat' dir='ltr'><strong>audacius,</strong></span> <span class='ocrx_word' id='word_1_99' title='bbox 942 2450 1037 2548; x_wconf 77' lang='lat' dir='ltr'><strong>quod</strong></span> <span class='ocrx_word' id='word_1_100' title='bbox 1060 2478 1136 2525; x_wconf 63' lang='lat' dir='ltr'><strong>ma,</strong></span> 
     </span>
     <span class='ocr_line' id='line_1_20' title="bbox 366 2548 1136 2655; baseline 0.005 -32"><span class='ocrx_word' id='word_1_101' title='bbox 366 2550 453 2655; x_wconf 87' lang='lat' dir='ltr'><strong>ligni</strong></span> <span class='ocrx_word' id='word_1_102' title='bbox 466 2550 553 2623; x_wconf 84' lang='lat' dir='ltr'><strong>iniis</strong></span> <span class='ocrx_word' id='word_1_103' title='bbox 565 2550 766 2652; x_wconf 82' lang='lat' dir='ltr'><strong>opinionem</strong></span> <span class='ocrx_word' id='word_1_104' title='bbox 776 2576 847 2624; x_wconf 88' lang='lat' dir='ltr'><strong>nou</strong></span> <span class='ocrx_word' id='word_1_105' title='bbox 857 2548 1044 2640; x_wconf 82' lang='lat' dir='ltr'><strong>verebaris,</strong></span> <span class='ocrx_word' id='word_1_106' title='bbox 1054 2552 1136 2631; x_wconf 82' lang='lat' dir='ltr'><strong>cinu</strong></span> 
     </span>
     <span class='ocr_line' id='line_1_21' title="bbox 366 2649 1135 2766; baseline 0.001 -39"><span class='ocrx_word' id='word_1_107' title='bbox 366 2680 445 2729; x_wconf 87' lang='lat' dir='ltr'><strong>eam</strong></span> <span class='ocrx_word' id='word_1_108' title='bbox 460 2651 606 2766; x_wconf 79' lang='lat' dir='ltr'><strong>gloriam</strong></span> <span class='ocrx_word' id='word_1_109' title='bbox 620 2708 631 2741; x_wconf 91' lang='lat'>‚</span> <span class='ocrx_word' id='word_1_110' title='bbox 652 2677 756 2751; x_wconf 87' lang='lat' dir='ltr'><strong>quam</strong></span> <span class='ocrx_word' id='word_1_111' title='bbox 769 2649 833 2725; x_wconf 89' lang='lat' dir='ltr'><strong>tibi</strong></span> <span class='ocrx_word' id='word_1_112' title='bbox 849 2649 906 2721; x_wconf 79' lang='lat' dir='ltr'><strong>alii</strong></span> <span class='ocrx_word' id='word_1_113' title='bbox 920 2651 1135 2744; x_wconf 80' lang='lat' dir='ltr'><strong>concedunt,</strong></span> 
     </span>
     <span class='ocr_line' id='line_1_22' title="bbox 361 2747 1134 2922; baseline 0.005 -99"><span class='ocrx_word' id='word_1_114' title='bbox 361 2751 434 2922; x_wconf 45' lang='lat' dir='ltr'><strong>ievse</strong></span> <span class='ocrx_word' id='word_1_115' title='bbox 447 2752 511 2823; x_wconf 81' lang='lat' dir='ltr'><strong>tibi</strong></span> <span class='ocrx_word' id='word_1_116' title='bbox 525 2752 721 2847; x_wconf 75' lang='lat' dir='ltr'><strong>denegares.</strong></span> <span class='ocrx_word' id='word_1_117' title='bbox 740 2750 861 2843; x_wconf 88' lang='lat' dir='ltr'><strong>Neque</strong></span> <span class='ocrx_word' id='word_1_118' title='bbox 873 2747 987 2836; x_wconf 87' lang='lat' dir='ltr'><strong>illius,</strong></span> <span class='ocrx_word' id='word_1_119' title='bbox 1008 2760 1134 2847; x_wconf 79' lang='lat' dir='ltr'><strong>inquit,</strong></span> 
     </span>
     <span class='ocr_line' id='line_1_23' title="bbox 377 2845 1136 2946; baseline 0.001 -23"><span class='ocrx_word' id='word_1_120' title='bbox 377 2845 939 2943; x_wconf 78' lang='lat' dir='ltr'><strong>ermonismeipaenitentiamago‚</strong></span> <span class='ocrx_word' id='word_1_121' title='bbox 951 2874 1136 2946; x_wconf 75' lang='lat' dir='ltr'><strong>nequeant</strong></span> 
     </span>
     <span class='ocr_line' id='line_1_24' title="bbox 360 2942 1136 3051; baseline -0.003 -28"><span class='ocrx_word' id='word_1_122' title='bbox 360 2947 574 3032; x_wconf 83' lang='lat' dir='ltr'><strong>Secundum,</strong></span> <span class='ocrx_word' id='word_1_123' title='bbox 588 2967 645 3015; x_wconf 85' lang='lat' dir='ltr'><strong>aut</strong></span> <span class='ocrx_word' id='word_1_124' title='bbox 659 2942 881 3031; x_wconf 81' lang='lat' dir='ltr'><strong>Maternum,</strong></span> <span class='ocrx_word' id='word_1_125' title='bbox 897 2967 956 3017; x_wconf 80' lang='lat' dir='ltr'><strong>aut</strong></span> <span class='ocrx_word' id='word_1_126' title='bbox 965 2947 1136 3051; x_wconf 72' lang='lat' dir='ltr'><strong>teipsum,</strong></span> 
     </span>
     <span class='ocr_line' id='line_1_25' title="bbox 359 3041 1134 3147; baseline 0.003 -30"><span class='ocrx_word' id='word_1_127' title='bbox 359 3048 478 3147; x_wconf 79' lang='lat' dir='ltr'><strong>Aper,</strong></span> <span class='ocrx_word' id='word_1_128' title='bbox 499 3047 735 3143; x_wconf 81' lang='lat' dir='ltr'><strong>(quamquam</strong></span> <span class='ocrx_word' id='word_1_129' title='bbox 750 3041 923 3116; x_wconf 88' lang='lat' dir='ltr'><strong>interdum</strong></span> <span class='ocrx_word' id='word_1_130' title='bbox 939 3045 975 3119; x_wconf 90' lang='lat' dir='ltr'><strong>in</strong></span> <span class='ocrx_word' id='word_1_131' title='bbox 994 3076 1134 3128; x_wconf 62' lang='lat' dir='ltr'><strong>contra-</strong></span> 
     </span>
     <span class='ocr_line' id='line_1_26' title="bbox 359 3139 1133 3248; baseline 0.003 -29"><span class='ocrx_word' id='word_1_132' title='bbox 359 3148 448 3219; x_wconf 83' lang='lat' dir='ltr'><strong>rium</strong></span> <span class='ocrx_word' id='word_1_133' title='bbox 468 3142 640 3247; x_wconf 85' lang='lat' dir='ltr'><strong>disputes)</strong></span> <span class='ocrx_word' id='word_1_134' title='bbox 664 3142 761 3217; x_wconf 85' lang='lat' dir='ltr'><strong>aliter</strong></span> <span class='ocrx_word' id='word_1_135' title='bbox 777 3139 901 3220; x_wconf 89' lang='lat' dir='ltr'><strong>sentire</strong></span> <span class='ocrx_word' id='word_1_136' title='bbox 917 3148 1030 3225; x_wconf 85' lang='lat' dir='ltr'><strong>credo.</strong></span> <span class='ocrx_word' id='word_1_137' title='bbox 1071 3153 1133 3248; x_wconf 53' lang='lat'><strong>1⁶39</strong></span> 
     </span>
     <span class='ocr_line' id='line_1_27' title="bbox 358 3243 1132 3347; baseline 0.003 -26"><span class='ocrx_word' id='word_1_138' title='bbox 358 3246 464 3321; x_wconf 87' lang='lat' dir='ltr'><strong>velim</strong></span> <span class='ocrx_word' id='word_1_139' title='bbox 478 3247 699 3347; x_wconf 85' lang='lat' dir='ltr'><strong>impetratum</strong></span> <span class='ocrx_word' id='word_1_140' title='bbox 712 3244 756 3317; x_wconf 82' lang='lat' dir='ltr'><strong>ab</strong></span> <span class='ocrx_word' id='word_1_141' title='bbox 769 3243 885 3344; x_wconf 83' lang='lat' dir='ltr'><strong>aliquo</strong></span> <span class='ocrx_word' id='word_1_142' title='bbox 898 3247 1043 3329; x_wconf 74' lang='lat' dir='ltr'><strong>vestrinn</strong></span> <span class='ocrx_word' id='word_1_143' title='bbox 1057 3308 1069 3339; x_wconf 88' lang='lat'>‚</span> <span class='ocrx_word' id='word_1_144' title='bbox 1090 3279 1132 3335; x_wconf 74' lang='lat' dir='ltr'><strong>ut</strong></span> 
     </span>
     <span class='ocr_line' id='line_1_28' title="bbox 358 3343 1130 3444; baseline 0.008 -22"><span class='ocrx_word' id='word_1_145' title='bbox 358 3347 470 3423; x_wconf 79' lang='lat' dir='ltr'><strong>causas</strong></span> <span class='ocrx_word' id='word_1_146' title='bbox 484 3348 581 3444; x_wconf 85' lang='lat' dir='ltr'><strong>hujus</strong></span> <span class='ocrx_word' id='word_1_147' title='bbox 598 3345 739 3419; x_wconf 66' lang='lat' dir='ltr'><strong>infinitae</strong></span> <span class='ocrx_word' id='word_1_148' title='bbox 752 3343 951 3419; x_wconf 81' lang='lat' dir='ltr'><strong>differentiae</strong></span> <span class='ocrx_word' id='word_1_149' title='bbox 962 3347 1130 3427; x_wconf 87' lang='lat' dir='ltr'><strong>scrutetur</strong></span> 
     </span>
     <span class='ocr_line' id='line_1_29' title="bbox 289 3443 1128 3551; baseline 0.006 -29"><span class='ocrx_word' id='word_1_150' title='bbox 289 3470 294 3479; x_wconf 76' lang='grc'>’</span> <span class='ocrx_word' id='word_1_151' title='bbox 357 3478 397 3522; x_wconf 80' lang='lat' dir='ltr'><strong>ec</strong></span> <span class='ocrx_word' id='word_1_152' title='bbox 420 3446 539 3523; x_wconf 86' lang='lat' dir='ltr'><strong>reddat</strong></span> <span class='ocrx_word' id='word_1_153' title='bbox 555 3502 566 3535; x_wconf 93' lang='lat'>,</span> <span class='ocrx_word' id='word_1_154' title='bbox 591 3473 673 3547; x_wconf 76' lang='lat' dir='ltr'><strong>quas</strong></span> <span class='ocrx_word' id='word_1_155' title='bbox 689 3472 826 3521; x_wconf 79' lang='lat' dir='ltr'><strong>mecum</strong></span> <span class='ocrx_word' id='word_1_156' title='bbox 840 3443 909 3547; x_wconf 85' lang='lat' dir='ltr'><strong>ipse</strong></span> <span class='ocrx_word' id='word_1_157' title='bbox 922 3448 1128 3551; x_wconf 88' lang='lat' dir='ltr'><strong>plerumque</strong></span> 
     </span>
    </p>
   </div>
   <div class='ocr_carea' id='block_1_9' title="bbox 355 3545 1127 3657">
    <p class='ocr_par' dir='ltr' id='par_1_9' title="bbox 355 3545 1127 3657">
     <span class='ocr_line' id='line_1_30' title="bbox 355 3545 1127 3657; baseline -0.003 -30"><span class='ocrx_word' id='word_1_158' title='bbox 355 3550 539 3657; x_wconf 79' lang='lat' dir='ltr'><strong>conquiro:</strong></span> <span class='ocrx_word' id='word_1_159' title='bbox 553 3558 589 3627; x_wconf 80' lang='grc' dir='ltr'><strong>δι</strong></span> <span class='ocrx_word' id='word_1_160' title='bbox 599 3546 696 3657; x_wconf 90' lang='lat' dir='ltr'><strong>quod</strong></span> <span class='ocrx_word' id='word_1_161' title='bbox 707 3545 911 3651; x_wconf 84' lang='lat' dir='ltr'><strong>quibusdam</strong></span> <span class='ocrx_word' id='word_1_162' title='bbox 921 3548 1044 3631; x_wconf 83' lang='lat' dir='ltr'><strong>solutio</strong></span> <span class='ocrx_word' id='word_1_163' title='bbox 1055 3555 1105 3629; x_wconf 84' lang='lat' dir='ltr'><strong>est</strong></span> <span class='ocrx_word' id='word_1_164' title='bbox 1112 3610 1127 3651; x_wconf 70' lang='lat'><strong>,</strong></span> 
     </span>
    </p>
   </div>
   <div class='ocr_carea' id='block_1_10' title="bbox 0 0 1388 4634">
    <p class='ocr_par' dir='ltr' id='par_1_10' title="bbox 0 0 1388 4634">
     <span class='ocr_line' id='line_1_31' title="bbox 0 0 1388 4634; baseline 0 8"><span class='ocrx_word' id='word_1_165' title='bbox 0 0 1388 4634; x_wconf 95' lang='lat' dir='ltr'><strong> </strong></span> 
     </span>
    </p>
   </div>
  </div>
 </body>
</html>
