2767 4634
319 602 390 693 116
419 588 766 709 pecorinam
792 595 969 690 Taciti

268 754 272 757 ·
313 719 497 809 tudinem,
525 720 875 821 &epigrammatum
903 719 1016 810 lusus,
1041 724 1082 796 δέ

314 847 565 923 quamcumque
588 822 691 893 aliam
715 818 861 920 speciem
884 820 1085 923 eloquentia

313 922 458 1009 habeat,
484 920 761 1022 anteponendam
788 920 907 993 ceteris
936 924 1110 995 aliarum'

313 1022 436 1095 arrium
454 1020 567 1093 studiis
583 1020 686 1095 credo
704 1050 712 1093 z
736 1018 795 1093 sed
822 1045 937 1093 tecum
964 1023 1079 1111 mihi,

314 1122 474 1199 Materne
488 1179 499 1209 ‚
515 1147 567 1195 res
582 1123 646 1209 est,
661 1120 778 1219 quod,
795 1119 875 1192 crim
889 1146 1008 1195 natura
1022 1146 1080 1195 tua

311 1220 347 1293 in
363 1217 469 1319 ipsam
485 1248 598 1295 arcem
613 1220 816 1320 eloquentie
831 1217 943 1309 serat,
969 1248 1081 1295 errare
1103 1276 1107 1282 -

306 1320 445 1408 mavis,
468 1332 501 1396 &
517 1320 649 1395 summa
662 1321 824 1422 adeptus,
845 1320 882 1393 in
896 1318 1083 1395 levioribus
1153 1358 1157 1369 ¹

204 1434 206 1437 ’
312 1416 463 1503 subsistis.
496 1424 548 1497 Ut
562 1422 586 1495 st
601 1424 638 1495 in
654 1420 782 1495 Graecrai
794 1445 891 1493 natus
904 1417 1005 1508 esses,
1018 1421 1085 1494 ubi.

312 1520 457 1594 ludicras
472 1546 612 1623 quoque
626 1547 713 1595 artes
729 1542 881 1595 exercere
901 1521 1080 1594 honestum
1095 1520 1099 1527 “

313 1623 383 1711 est,
408 1649 447 1693 ac
466 1624 530 1697 tibi
550 1620 729 1696 Nicostrati
750 1621 853 1695 robur
871 1649 907 1693 ac
923 1622 1010 1696 vires
1029 1622 1085 1695 dii-

314 1719 506 1812 dedissenr,
529 1749 600 1796 non
614 1743 745 1825 paterer
763 1722 931 1794 immanes
944 1721 1022 1797 illos'
1036 1722 1082 1796 ad

310 1850 462 1925 pugnarn
475 1824 572 1898 datos
586 1822 749 1913 lacertos,
762 1819 899 1897 levitate
910 1822 1010 1921 jaculi
1021 1847 1080 1897 aut

310 1928 401 2023 jastu
413 1922 494 1997 disci
506 1923 701 2001 vanescere:
722 1922 765 1996 fic
778 1950 869 1995 nunc
881 1946 915 1996 te
929 1922 971 1997 ab
984 1922 1081 1997 audi-

310 2023 456 2118 toriisfl&¹
470 2024 631 2112 theatris,
649 2024 687 2097 in
712 2020 830 2101 forum
849 2033 885 2098 &
898 2023 949 2097 ad
969 2020 1079 2097 causas

308 2134 346 2201 &
365 2122 409 2195 ad
424 2144 503 2196 vera
519 2124 638 2223 proelia
653 2151 739 2199 voco
757 2152 767 2195 t
795 2122 875 2210 cirin
898 2122 1086 2223 praesertim·

309 2250 358 2301 ne
368 2222 411 2296 ad
425 2222 462 2297 id
475 2222 618 2323 quidem
632 2222 832 2325 consurgere
842 2223 938 2325 poffis
951 2274 963 2315 ,
984 2224 1086 2326 quod-

310 2320 478 2429 plerisqtte
492 2326 745 2427 patrocinatur,
772 2350 948 2425 tamquam
965 2328 1083 2404 minuo·

308 2424 499 2503 obnoxium
515 2424 554 2499 sir
567 2425 743 2502 offendere
758 2451 959 2527 poetarum,
973 2427 1084 2527 quam

309 2551 483 2601 oratorum
506 2527 667 2603 studium.
699 2524 891 2603 Effervescit
911 2528 1005 2604 enim
1026 2528 1080 2606 vis

311 2627 546 2733 pulcherrima:
562 2656 687 2707 naturae
704 2654 794 2729 tuae,
811 2655 875 2703 nec
887 2655 949 2729 pro
966 2628 1079 2702 amico

312 2729 453 2829 aliquo,
475 2730 535 2804 sed
559 2733 653 2829 quod
681 2724 893 2828 periculosus
917 2728 986 2813 est,
1000 2755 1080 2825 pro

312 2832 449 2903 Catone
472 2820 641 2901 offendis:
664 2854 727 2897 nec
752 2820 924 2895 excusatur
949 2821 1086 2898 offensa.

157 2946 162 2959 ·
198 2968 202 2979 ·
312 2927 551 3005 necessitudine
561 2923 676 3008 officii,
687 2946 745 2995 aut
758 2920 823 2993 fide
834 2919 1078 3016 advocationis,

311 3053 370 3103 aut
388 3022 532 3097 fortuita
554 3016 722 3096 &subitae
744 3020 903 3094 distionis
922 3022 1078 3125 impetue

311 3124 495 3201 meditatus
506 3122 629 3199 videris
643 3120 779 3225 elegisse
792 3120 969 3224 personam
982 3150 1079 3199 nota-

312 3225 448 3316 bilem,
482 3234 518 3301 &
552 3254 632 3301 cum
663 3225 877 3299 aucioritate·
899 3225 1078 3299 dicturam.

313 3326 431 3403 Sentio
452 3324 538 3427 quid
559 3324 616 3401 res
633 3326 753 3399 onderi
775 3324 894 3438 possi'tt
922 3325 1004 3397 hinc'
1022 3326 1080 3398 in-

313 3452 431 3531 gentes
444 3456 485 3502 ex
498 3428 550 3501 his
564 3356 729 3514 assitisus,
749 3424 829 3497 hinc
840 3424 877 3496 in
890 3422 966 3523 ipsis
979 3425 1079 3499 audi-

315 3528 410 3609 toriis
423 3529 585 3635 precipue
599 3526 729 3607 laudati
741 3580 754 3619 ,
775 3534 811 3604 δι
825 3551 907 3612 mox
919 3526 1082 3604 omnium
1145 3570 1157 3629 2
