2767 4634
398 551 596 631 Drrroous
624 573 668 623 or
694 546 958 624 Onarorrsos«
1010 572 1084 652 ψ·

265 712 271 728 ’
309 675 451 765 amuli,
474 672 588 763 ferto,
612 700 683 745 non
700 670 841 746 rudibus
855 670 1081 743 dimicantest

204 803 207 807 ·
308 771 368 853 sed
387 777 593 851 auditorium
614 771 747 874 semper
765 770 905 873 plenum
918 768 1085 872 ‚semper

307 904 440 953 novum
455 934 465 965 ,
488 904 530 950 ex
543 874 668 948 invidis
683 869 948 958 &-saventibus,
967 896 1005 943 ut
1019 899 1084 945 nec

307 976 397 1052 bene
420 978 512 1050 dista
533 973 828 1049 diffimtrlarenturr
867 971 964 1045 Scitis
986 973 1083 1045 enim

282 1135 284 1139 s
306 1104 470 1179 magnam
490 1077 587 1151 illam
608 1075 857 1151 &duraturam
878 1072 1083 1171 eloquentia
1130 1065 1134 1070 .

306 1174 436 1251 famam
462 1206 532 1251 non
559 1175 673 1249 mimis
695 1177 733 1248 in
760 1172 896 1248 diversis
919 1171 1083 1247 subselliis

315 1298 316 1303 ’
331 1280 414 1351 arari
426 1336 437 1368 ,
450 1279 554 1379 qualm
567 1276 651 1351 suist
667 1275 864 1375 quinimmo
876 1272 1081 1349 constantius

304 1306 438 1481 surgere
460 1380 538 1468 ibi,
559 1376 692 1451 fidelius
713 1376 934 1464 corroborari.
962 1370 1080 1475 Atque

305 1478 445 1561 hercule
470 1478 533 1551 sub
557 1474 725 1579 ejusmodi
746 1474 1003 1579 praeceptoribus
1027 1485 1082 1574 ju*

284 1651 286 1655 ,
305 1581 403 1654 venis
426 1576 511 1668 ille,-
534 1578 663 1678 dequo
681 1579 878 1677 loquimur,
904 1601 1081 1650 oratorum

307 1678 518 1782 discipulus,
545 1678 613 1752 sori
635 1680 797 1766 auditor-,-
825 1677 967 1752 sedator
988 1676 1081 1775 judi-w

305 1780 465 1867 ciorum,
492 1779 642 1853 eruditus
666 1790 702 1855 δι
726 1775 936 1853 adsuefactus
961 1777 1080 1853 alienis·

303 1880 544 1979 experimentis
560 1937 572 1970 ,
588 1881 656 1967 tui
675 1937 687 1970 ,
713 1876 869 1979 quotidie
899 1878 1082 1970 audienti,

303 2005 394 2055 notae
416 1980 539 2081 leges-5
563 2008 635 2055 non
658 1982 740 2053 novi
763 1980 919 2079 judicum
942 1978 1080 2069 vultus,

301 2080 462 2180 frequens
472 2082 509 2155 in
519 2080 627 2155 oculis
636 2078 846 2155 consuetudo
857 2080 1079 2182 concionum,-

299 2172 382 2283 sae'pe
404 2182 548 2281 cognitae
573 2182 691 2283 populi
714 2208 835 2274 aures,
856 2181 922 2256 live
944 2180 1079 2255 accusa-
1166 2195 1169 2200 “

299 2282 432 2356 tionem
460 2278 648 2382 susceperat
664 2332 684 2372 ,-
710 2276 777 2357 sive
809 2280 1045 2357 defensionem
1061 2304 1080 2369 ‚·

298 2381 387 2457 solus
402 2383 514 2455 statim
528 2392 564 2455 &
577 2410 662 2456 unus
677 2384 882 2483 cuicumque
898 2380 1000 2455 causae
1015 2407 1077 2482 pat

298 2508 383 2559 erat.
403 2482 649 2557 Nonodecimo
663 2485 769 2560 aeratis
782 2511 872 2558 anno
885 2482 926 2557 L.
938 2480 1075 2565 Crassus

295 2565 350 2659 C?
373 2582 597 2680 Carbonem,
619 2608 690 2659 uno
715 2597 751 2662 δι
778 2574 939 2659 vicesimo
963 2581 1076 2657 Caesar

299 2680 524 2785 Dolabellam
541 2736 554 2775 5
579 2684 688 2761 altero
705 2698 741 2763 &
761 2682 922 2761 vicesimo
939 2680 1074 2757 Asinius

300 2780 412 2861 Pollio
437 2788 481 2861 C.
505 2786 710 2879 Catonem,
739 2778 811 2861 nori
838 2781 949 2858 multi>
976 2808 1073 2860 aetate

215 2930 220 2938 -
300 2885 506 2981 antecedens
516 2888 645 2985 Calvus
661 2886 869 2977 Vatinium,
889 2886 929 2959 iis
944 2886 1070 2960 oratio·

298 2986 397 3060 nibus
416 2984 558 3063 insecuti
571 2988 649 3065 sunt
665 3047 677 3079 ‚
701 3020 785 3093 quas
800 2985 973 3093 hodieque
987 3014 1070 3063 cum

297 3086 526 3164 ‘admiratione
545 3090 703 3194 legimus.
824 3138 828 3145 ·

348 3188 503 3264 XXXV.
526 3191 580 3265 Ar
595 3220 686 3267 nunc
705 3183 947 3264 adolescentuli
967 3185 1071 3260 nostri

296 3286 514 3365 deducuntur
525 3292 561 3365 in
572 3292 685 3368 scenas
699 3289 996 3376 scholasticorum,
1010 3287 1072 3387 qui

299 3388 449 3465 rhetores
465 3418 654 3469 vocantur:
677 3421 763 3495 quos
785 3388 899 3495 paullo
916 3411 994 3461 ante
1012 3388 1073 3461 Ci-

295 3490 430 3567 ceronis
456 3518 612 3598 tempora
632 3492 811 3587 exstitisse,
834 3485 1072 3665 ppcplacuisse

773 3640 777 3645 »
899 3616 935 3666 ιν
