2767 4634
335 583 383 644 σο
444 563 995 640 C.Co·anrr11TAcrrr

336 687 505 789 cepimus:
519 709 599 754 mox
610 679 753 783 segnitia
768 711 848 755 cum
860 686 933 756 otio
946 681 1108 781 intravit}

335 784 454 862 amissa
470 784 593 856 virtute
608 784 734 882 pariter
746 810 784 854 ac
803 783 983 858 libertate:
1007 783 1105 884 quod

335 889 575 962 Britannorum
601 880 688 954 olim
711 883 806 969 vistis
834 885 976 956 evenit:
999 882 1103 958 ceteri

336 1008 500 1070 manent,
520 979 636 1081 quales
651 982 744 1054 Galli
759 981 907 1056 fuerunt.

389 1083 474 1158 XII..
486 1086 526 1154 ln
542 1086 669 1155 Prnrrr
684 1081 808 1154 robur:
828 1081 983 1181 quaedam
997 1083 1110 1165 natio-j

336 1212 395 1261 nes
405 1194 440 1257 &
450 1209 548 1254 curru
560 1180 777 1282 proeliantur:
792 1182 961 1254 honestior
971 1184 1086 1285 auriga
1092 1206 1108 1272 ,¹
1168 1244 1172 1246 a

334 1286 476 1358 clientes
494 1307 730 1384 propugnant:
753 1283 839 1354 olim
858 1283 1111 1384 regibus'pareae

336 1386 445 1470 bant,
471 1410 560 1454 nunc
580 1408 640 1482 per
661 1383 770 1484 princi
794 1410 829 1455 es
849 1379 1051 1455 factionibus
1068 1393 1106 1456 &

336 1483 451 1557 studiis
464 1483 660 1554 trahuntur:
675 1509 739 1556 nec
753 1411 846 1554 aliud
856 1482 1012 1556 adversus
1024 1482 1108 1562 vali·v

337 1583 484 1657 dissimas
503 1607 620 1684 gentes
640 1609 701 1684 pro
717 1582 816 1654 nobis
838 1581 977 1670 utilius,
1000 1581 1108 1680 quaint

364 1683 432 1757 ubd
445 1685 482 1755 in
499 1709 684 1756 commune
700 1710 771 1756 non
788 1680 975 1754 consulunt.
998 1683 1112 1757 Rarus

336 1713 474 1858 suabus.
494 1780 640 1856 tribusve
666 1781 880 1869 civitatibus,
909 1779 953 1852 ad
970 1781 1110 1882 propul-

337 1883 483 1957 sandum
500 1911 685 1956 commune
702 1881 890 1983 periculum
904 1905 1107 1954 conventus:

337 1985 414 2072 ita,
437 1985 523 2056 dum
541 1982 661 2082 singuli
677 2006 855 2081 pugnant,
873 1979 1016 2054 universi
1030 1982 1109 2054 vin-

340 2107 472 2154 cuntur.
501 2081 635 2153 Caelum
659 2081 784 2153 crebris
804 2081 969 2154 imbribus
990 2109 1026 2154 ac
1046 2108 1110 2154 ne·

340 2179 428 2252 bulis
455 2178 615 2252 soedum:
641 2178 797 2280 asperitas
820 2179 986 2283 srigorum
1009 2181 1111 2255 abest.

339 2279 490 2352 Dierum
511 2277 615 2380 spatia
631 2279 720 2380 ultra
738 2282 840 2354 nostri
862 2283 952 2355 orbis
973 2280 1110 2354 mensu·
1204 2320 1209 2330 ,
1259 2334 1260 2349 ,

340 2405 439 2450 ram:
464 2407 533 2450 nox
559 2379 671 2471 clara,
698 2393 733 2456 &
761 2381 910 2457 extremas
929 2381 1111 2454 Britanniae

339 2501 433 2575 parte
444 2476 578 2568 brevis,
592 2506 629 2554 ut
644 2483 750 2558 finem
763 2509 865 2584 atque
876 2482 1011 2554 initium
1025 2479 1110 2556 lucis

339 2576 463 2676 exiguo
487 2577 684 2659 discrimine
706 2581 920 2663 internoscas.
938 2580 1111 2674 «Quodn
1172 2662 1174 2671 ,

338 2675 475 2748 ωηιὼεε
491 2707 563 2753 non
580 2680 755 2770 officiant,
775 2681 875 2781 aspici
890 2707 951 2779 per
969 2686 1109 2754 nostem

337 2774 451 2846 nSolis
470 2773 647 2878 fulgorem
663 2842 673 2872 ‚
699 2807 761 2853 nec
776 2777 935 2854 occidere
948 2786 985 2848 δε
997 2777 1110 2851 exsut·-

335 2899 443 2970 wgere
460 2931 471 2962 ,
496 2876 557 2952 sed
575 2881 741 2954 transite»
753 2874 959 2946 adfirmant:
982 2870 1112 2954 scillcet

335 2986 533 3048 extrema&
540 2979 643 3078 plana
654 2999 829 3058 tertarum,
840 2971 963 3044 humili
974 2974 1110 3068 umbrss,

328 3096 409 3141 ,non
417 3072 558 3170 erigunt
572 3075 751 3159 tenebras,
772 3068 927 3170 infraque
941 3073 1060 3148 caelum
1072 3089 1109 3152 bc

333 3165 440 3237 srdera
456 3196 535 3239 ¹nor
558 3171 662 3244 cadit.
694 3171 835 3260 Solum,
857 3197 975 3270 praeter
993 3175 1109 3252 oleam

331 3264 538 3371 vipernqne„
566 3277 605 3339 δε
632 3285 744 3344 cet'era
769 3271 984 3345 calidioribus
1009 3267 1109 3352 terris

320 3356 544 3476 orrrrxsueta,
568 3370 703 3464 patiens
723 3370 880 3473 frugum,
899 3367 1111 3450 secundum:

324 3451 1113 3585 tardenutescunncitoproseniuncaeadeua
