2767 4634
453 573 873 646 Grunnius
999 597 1049 681 tp

262 683 451 793 tamquam
466 688 590 764 scelera
605 693 738 767 ostendi
756 719 938 794 oporteat,
959 697 1048 775 dum

262 796 480 900 puniuntur,
505 791 634 890 flagitia
651 793 825 869 abscondi.
851 798 921 872 Sed
941 809 978 873 &
995 801 1049 874 le-

261 894 419 972 vioribus
450 891 619 984 delictis,
652 921 714 997 pto
744 896 886 988 modo,
916 927 1047 1000 poerras

261 1021 436 1096 equorum
463 1018 698 1096 pecorumque
723 1023 871 1071 numero
893 1002 1046 1074 convitii

264 1095 476 1170 multantur:
491 1119 566 1192 pars
579 1097 697 1170 mulrae
706 1099 806 1200 regi,
818 1098 875 1172 vel
888 1101 1044 1190 civitati,

263 1223 336 1300 pars
359 1192 423 1294 ipst
442 1196 503 1294 qui
521 1195 741 1285 vindicatur,
761 1199 824 1272 uel
846 1201 1047 1302 propinquis

263 1307 335 1397 ejus
351 1292 548 1370 exsolvitur.
578 1298 757 1398 Eliguntur
772 1300 811 1370 in
822 1297 948 1373 iisdem
961 1329 1046 1375 con-

263 1399 350 1472 ciliis
373 1405 411 1470 δι
432 1395 629 1497 principes,
662 1398 724 1496 qui
751 1406 826 1497 juta
896 1427 913 1471 r
939 1429 1045 1503 pagos

262 1495 425 1596 vicosque
452 1495 613 1570 reddunt
657 1500 811 1570 Centeni
839 1427 977 1601 ggulis
1003 1529 1045 1575 ex

262 1598 365 1702 plebe
379 1597 545 1684 comites,
565 1595 747 1672 consilium
761 1598 860 1672 simul
877 1613 913 1674 &
928 1607 1044 1686 ausim

263 1701 370 1785 ritas,
394 1695 526 1768 adsunt.

315 1799 415 1870 Xlll.
442 1799 584 1870 Nutu
616 1821 735 1871 autem
760 1826 875 1897 neque
899 1797 1045 1900 publicae

263 1925 379 1998 neque
413 1897 525 1970 rivatae
535 1898 608 1986 rei,
622 1897 684 1969 nist
698 1900 821 1971 armati
834 1925 952 1998 agunt.
973 1899 1043 1973 Sed

261 2027 358 2074 arma
380 1926 514 2072 {itinere
538 2025 609 2070 non
628 2000 708 2071 ante
725 1999 887 2097 cuiquam
901 2001 1040 2088 moris,

260 2100 367 2200 quim
376 2099 492 2170 civitas
500 2093 720 2173 suffecturum
729 2099 934 2200 probaverit.
943 2101 1042 2172 Turn

261 2196 386 2297 inipso
405 2197 576 2284 concilio,
598 2197 654 2286 vel
674 2200 869 2300 principum
888 2199 1038 2297 aliquis,

262 2299 316 2373 vel
325 2297 510 2397 patet‚vel
518 2297 829 2398 propinquusscuto
838 2298 1039 2396 frumeique

261 2409 426 2502 juvenem
439 2420 563 2472 ornant
576 2396 665 2470 r'haec
675 2399 767 2501 apud
778 2399 855 2472 illos
866 2423 966 2500 toga,
983 2398 1038 2472 hic

261 2500 393 2601 primus
413 2503 557 2591 juvente
577 2497 707 2572 honos:
726 2525 806 2573 ante
826 2500 892 2571 hoc
911 2499 1036 2571 domus

261 2623 341 2702 pars
356 2593 541 2682 videntur,
562 2625 640 2670 mox
657 2600 863 2700 reipublicae.
892 2598 1037 2694 Insignis

222 2737 227 2744 ·
260 2694 451 2783 nobilitas,
483 2719 540 2768 aut
566 2725 692 2797 magna
719 2722 855 2799 patrum
884 2695 1038 2781 merita,

258 2796 420 2901 principis
444 2794 685 2897 dignationem
710 2799 816 2872 etiam
840 2793 1037 2868 adolescen-

261 2898 339 2972 tulis
358 2894 547 2996 adfignant.
584 2900 706 2973 Ceteri
727 2895 969 2970 robustioribus
995 2923 1036 2968 ac

259 2996 469 3097 jampridem
498 2997 650 3098 probatis
678 3022 904 3100 aggregantur
927 3025 937 3068 t
970 3022 1035 3069 nec

257 3099 362 3172 rubor
374 3102 463 3172 intet
477 3097 624 3170 comites
640 3097 749 3200 aspici.
780 3096 914 3170 Gradus
930 3096 1036 3194 quin-

257 3200 361 3276 etiam
390 3197 523 3299 &ipse
545 3200 727 3273 comitatus
753 3197 879 3283 habet,
902 3195 1035 3293 judicio

259 3309 353 3397 ejus,
373 3325 483 3399 quem
500 3297 691 3374 seruntur:
712 3323 904 3402 magnaque
921 3305 958 3368 &
971 3323 1032 3367 co-

258 3401 383 3471 mitum
411 3399 613 3488 aemulatio,
639 3400 762 3498 quibus
786 3399 915 3499 primus
941 3394 1033 3496 apud

254 3499 449 3605 principem
474 3499 575 3574 suum
602 3499 722 3599 locus3
751 3510 787 3576 δε
808 3496 1032 3604 principum,
