2767 4634
375 594 569 683 burnus
595 633 638 683 nr
665 609 928 687 Onnum-rus.
989 635 1029 683 12
1037 624 1061 710 5'

284 726 509 833 Agrippam,
537 730 596 829 qui
615 729 852 829 potest-videri
876 731 1058 831 antiquus,

285 832 477 904 nostrorum
496 855 690 931 temporum
705 828 836 906 disertis
850 856 1058 1003 anteponere

284 930 426 1003 soletis:
448 928 509 1004 sed
535 932 769 1020 Ciceronem,
794 942 830 1006 &
860 933 919 1004 Cae
954 955 1057 1023 rem,

285 1038 321 1103 δι
335 1030 491 1104 Coelium
504 1086 516 1118 ‚
532 1040 574 1115 y&
587 1032 736 1103 Calvum
749 1090 760 1121 ,
782 1042 817 1120 &
830 1033 973 1104 Brutum
986 1088 997 1121 ,
1018 1043 1056 1107 dc

284 1128 469 1221 Asinium,
497 1139 533 1203 δι
562 1128 771 1203 Messalam:
800 1157 886 1231 quos
910 1132 1055 1231 quidem

276 1256 341 1302 ¹uur
351 1232 497 1329 antiquis
506 1228 718 1332 temporibus
773 1231 839 1305 tius
848 1228 1053 1323 adscribatis,

284 1330 387 1429 quim
416 1330 566 1424 nostris,
592 1358 663 1403 non
690 1259 817 1406 vidior
846 1359 928 1403 nam
949 1355 986 1405 ut
1008 1333 1054 1406 de

284 1431 454 1505 Cicerone
474 1432 486 1501 i
510 1428 546 1503 so
566 1430 710 1530 loquar,
734 1432 848 1504 Hirtio
872 1458 997 1531 nempe
1018 1442 1056 1508 &

283 1531 390 1603 Pausi
409 1458 629 1619 conlirlibus,
651 1556 689 1603 ut
711 1532 798 1603 Tiro
820 1529 960 1604 libertus
982 1540 1055 1630 ejus
1116 1576 1129 1588 „

281 1628 409 1732 scripsit
423 1687 434 1719 ,
456 1628 601 1732 septimo
615 1627 914 1703 ldus‘Decembris
927 1630 1054 1707 occisas

283 1731 354 1819 est,
381 1758 449 1829 quo
470 1760 560 1803 anno
581 1730 679 1804 divus
692 1730 860 1829 Augustus
878 1732 915 1805 in
937 1729 1054 1805 locum

283 1826 395 1904 Pansae
410 1838 445 1905 ἃ
458 1830 559 1910 Hirtii
569 1828 610 1903 le
628 1841 664 1905 δι
680 1832 728 1921 Q.
739 1830 885 1902 Pedium
901 1828 1055 1907 consules

279 1926 428 2003 suffecit:
438 1932 541 2005 statue
554 1928 613 2005 sex
627 1940 662 2004 &
676 1930 922 2030 quinquaginta
933 1958 1052 2021 annos,

281 2030 403 2131 quibus
415 2050 496 2105 mox
508 2030 606 2105 divus
618 2030 787 2131 Augustus
801 2030 1051 2133 rempublicam

281 2130 391 2205 rexit:
417 2132 526 2231 adjice
547 2131 681 2205 Tiberii
704 2143 770 2220 tres
792 2142 827 2207 δι
845 2132 993 2235 viginti,
1013 2142 1052 2208 δε

283 2257 344 2333 pro
368 2260 386 2306 e
400 2231 665 2333 quadriennium
679 2232 783 2321 Caii,
798 2262 836 2307 ac
850 2233 902 2306 bis
916 2259 1053 2333 quatern

280 2358 329 2407 uo
344 2333 450 2407 denos
460 2330 599 2406 Claudii
609 2332 799 2406 &Neronis
808 2361 933 2422 armos,
947 2357 982 2405 at
1008 2360 1052 2408 ue

279 2430 392 2535 ipsum
420 2433 561 2521 Galbae,
586 2442 622 2507 δι
649 2434 827 2525 Othonis,
853 2433 995 2509 &Vite
1024 2432 1050 2507 'i

279 2560 391 2607 unum
403 2561 548 2619 annum,
558 2560 595 2605 ac
607 2530 735 2613 sextam
746 2541 818 2633 jam
829 2528 937 2623 felicis
950 2533 1052 2632 hujus

279 2631 488 2733 principatus
512 2633 714 2723 stationem,
735 2633 803 2733 qud
824 2629 1051 2747 Vespalrapus
1150 2719 1154 2728 ‚

278 2732 528 2832 rempublicam
556 2730 676 2825 fovet,
702 2758 842 2807 centum
865 2740 901 2806 &
925 2730 1049 2906 vpppnti

276 2834 360 2905 anni
380 2832 424 2905 ab
440 2832 578 2909 interitu
595 2835 773 2908 Ciceronis
788 2836 826 2907 in
845 2832 935 2905 hunc
978 2833 1064 2907 'em

277 2932 508 3035 colliguntur,
531 2935 630 3008 unius
655 2935 805 3009 hominis
830 2959 916 3007 aetas.
954 2934 1047 3008 Nam
1079 2974 1082 2981 ·

275 3030 349 3207 ipse
364 3035 479 3132 egoin
490 3033 663 3107 Britannici
678 3035 749 3108 vidi
766 3033 907 3123 senem,
929 3035 989 3133 qui
1013 3032 1048 3111 se

294 3156 441 3208 uteretur
454 3134 485 3205 ei
499 3162 618 3235 pugnae
631 3132 836 3221 interfuilse,
853 3134 920 3232 qud
933 3132 1047 3210 Caesass

277 3258 352 3305 rem
374 3230 581 3311 inferentem
596 3261 690 3307 arma
705 3233 910 3321 Britannia,
933 3260 1046 3311 arcere

273 3331 454 3422 litoribus,
480 3344 516 3409 δε
539 3333 665 3436 pellere
682 3333 822 3436 adgrelli
842 3330 929 3405 sunt.
944 3332 1044 3409 'Itafi

270 3458 385 3519 eum,
418 3432 479 3531 qui
506 3459 655 3507 armatus
680 3438 725 3509 C.
753 3432 874 3508 Caesari
899 3433 1043 3526 restitit,

270 3530 328 3631 pel
350 3534 555 3637 captivitas,
579 3534 809 3612 vel-voluntas
821 3531 924 3709 ‚Fvel
932 3530 1045 3635 fatum

887 3660 923 3733 11l
