2767 4634
494 549 881 634 Acnrcoun.
1027 588 1070 661 59

290 679 405 768 ,multi
423 677 590 752 retulere:
613 705 722 751 unum
743 678 967 770 addiderim,
991 684 1072 757 nus-

293 809 407 882 quam
438 776 534 852 lat'itis
566 775 739 850 dominari
766 807 893 872 mare,
921 781 1072 859 multum

293 882 481 960 fluminum
490 879 556 952 huc
569 902 672 977 atque
685 878 766 952 illuc
777 877 866 955 ferre
875 939 886 970 ,
895 909 958 956 nec
968 883 1072 962 litore
1137 894 1142 906 *

293 1011 395 1059 tenus
404 978 592 1054 accrescere
599 1005 656 1052 aut
665 979 848 1072 resorberi,
859 981 917 1056 sed
925 984 1068 1062 influere

294 1085 430 1188 penitus
446 1095 550 1180 atque
567 1081 725 1169 ambire,
747 1091 782 1156 δι
802 1084 890 1183 jugis
909 1085 1013 1159 etiam
1029 1115 1069 1161 ac

295 1184 473 1264 montibus
488 1179 590 1256 inseri
604 1181 748 1256 velutin
762 1180 833 1258 suo.

346 1287 411 1360 XI.
431 1287 645 1371 Ceraunii,
669 1283 882 1358 Britanniam
896 1283 957 1384 qui
976 1313 1070 1361 mor-

294 1385 381 1461 tales
407 1383 508 1458 initio
533 1381 725 1473 coluerint,
747 1385 918 1486 indigenae
940 1413 984 1459 an
1007 1388 1071 1462 ad-

297 1487 415 1575 vecti,
442 1511 480 1560 ut
503 1485 593 1558 inter
618 1481 802 1576 barbaros,
828 1509 948 1588 parum
973 1515 1072 1562 com-

297 1613 446 1689 pertum.
475 1585 620 1658 Habitus
636 1612 818 1687 corporum
832 1587 917 1659 varii
933 1617 942 1659 ι
967 1615 1071 1690 atque

299 1715 344 1762 ex
360 1715 403 1762 eo
419 1711 642 1786 argumenta:
669 1713 820 1785 namque
843 1685 951 1760 rutilae
969 1689 1073 1764 Cale-

300 1789 443 1862 doniam
451 1787 679 1862 habitantium
692 1795 818 1874 comat,
831 1788 948 1888 magni
962 1814 1072 1880 artus,
1106 1832 1108 1835 ·

298 1887 542 1964 Germanicam
559 1888 734 1990 originem
747 1885 955 1961 adseverant.
982 1889 1074 1963 Silu-

295 2017 375 2064 rum
392 1988 533 2062 colorati
552 1987 663 2062 vultus
679 2043 691 2076 ,
718 1999 755 2062 &
772 1989 853 2062 torti
868 1988 1071 2091 plerumque

296 2092 429 2180 crinea,
451 2101 487 2164 &
499 2089 607 2192 postca
619 2089 739 2164 contrd
748 2087 929 2192 Hispania,
952 2091 1072 2166 lberos

296 2217 427 2267 veteres
445 2189 631 2291 traJeciffe,
651 2187 772 2290 easque
788 2189 883 2272 sedes
896 2187 1072 2292 o'ccupall'e

298 2292 405 2368 fidem
419 2291 550 2366 faciunt
562 2321 570 2364 ι
587 2291 733 2392 proximi
746 2292 853 2366 Gallis
866 2349 877 2382 ,
896 2302 932 2366 &
945 2291 1073 2366 smiles
1159 2371 1162 2374 ,

295 2392 397 2470 sunt:
420 2391 479 2467 seu
494 2392 637 2468 durante
650 2392 790 2492 originis
805 2394 866 2488 vi3
886 2390 969 2480 seu,
991 2419 1072 2493 pro-

297 2494 512 2568 currentibus
528 2493 564 2566 in
577 2491 708 2567 diversa
723 2492 841 2582 terris,
863 2490 984 2594 positio
998 2492 1071 2579 caeli

298 2595 501 2694 corporibus
518 2593 671 2668 habitum
688 2593 809 2666 dedit:
823 2594 861 2664 in
874 2591 1071 2665 universum

301 2720 423 2770 tamen
441 2693 636 2782 aestimanti,
657 2691 777 2766 Gallos
792 2693 947 2766 vicinum
959 2688 1073 2765 solum
1092 2773 1103 2783 .
1161 2701 1167 2709 '

299 2789 506 2896 occupasse,
538 2793 703 2888 credibile
729 2795 786 2868 elb
827 2792 956 2866 Eorum
980 2788 1072 2867 sacra

298 2894 546 2998 deprehendas,
555 2893 828 3067 superstitionum
840 2890 1071 2996 persuasionez
1141 2977 1145 2982 .

298 2997 412 3074 sermo
425 2995 517 3070 haud
532 3024 593 3069 mu
608 2995 683 3070 tum
697 2993 844 3070 diversus
862 3025 870 3067 ε
890 2995 927 3068 in
948 2991 1072 3097 depos·

302 3098 420 3173 cendis
438 3097 595 3200 periculis
610 3097 733 3172 eadem
746 3095 907 3195 audacia3
932 3105 991 3184 δι,
1012 3094 1072 3168 ubi

298 3199 484 3286 advenere,
494 3199 531 3270 in
540 3198 766 3272 detrecbandis
778 3197 900 3272 eadem
908 3192 1074 3269 formido:

303 3299 378 3402 plus
389 3293 520 3374 ¹tannen
537 3296 845 3395 leronimssritanni
867 3291 1047 3397 praeferunt
1061 3352 1074 3387 ,

296 3423 344 3473 ut
368 3422 451 3498 quos
475 3399 759 3502 nondumlonga
780 3427 843 3501 pax
865 3393 1075 3473 emollierit:

301 3527 389 3580 nam
403 3499 522 3582 Gallos
538 3529 677 3606 quoque
697 3502 735 3578 in
751 3501 849 3579 bellis
862 3497 1006 3676 llCoruille
1019 3525 1076 3575 ac⁴
1140 3565 1151 3573 ,Α

933 3625 968 3702 ll
