2767 4634
371 638 429 708 74.
483 610 1021 707 C.Cortnar11TActr1
1067 607 1072 611 ⁴

370 725 638 832 „penetrandam
668 723 927 820 Caledoniam,
957 732 1138 816 inveniann:

289 872 290 877 =
369 832 549 927 »dumque
568 824 710 899 tandem
729 826 909 901 Britannia
928 834 1148 925 terminum,-

370 930 559 1002 „continuo
593 926 792 1033 proeliorum
826 928 979 1020 cursu»,
1010 931 1139 1023 freme⁴¹

370 1032 475 1104 bant:
493 1053 595 1128 atque
606 1026 657 1101 illi
674 1024 781 1103 modd
793 1031 883 1109 cauti
896 1059 934 1103 ac
948 1030 1140 1132 sapientes,
1218 1070 1223 1083 ·

369 1129 520 1231 prompti
552 1128 638 1229 ΡοΙὶν
656 1152 818 1206 eventum
850 1159 888 1203 ac
920 1134 1136 1233 magniloqui

369 1254 466 1307 erant
482 1260 492 1301 t
507 1226 712 1327 iniquiffima
723 1228 791 1301 haec
803 1227 973 1307 bellorum
983 1234 1139 1313 conditio

368 1331 438 1403 est:
460 1326 615 1433 prospera
630 1354 751 1403 ornnes
772 1326 833 1403 fibi
855 1331 1055 1422 vindicant,
1077 1335 1138 1408 ad-

366 1428 460 1510 versa
483 1430 542 1501 uni
559 1429 780 1531 imputantur.
810 1429 863 1503 At
885 1432 1040 1506 Britanni
1063 1461 1136 1509 non

366 1530 517 1619 virtute,
540 1526 599 1602 sed
616 1526 841 1611 occasione&
856 1554 926 1604 arte
939 1532 1034 1604 ducis
1045 1534 1136 1622 rati,

368 1628 456 1702 nihil
468 1656 513 1706 ex
530 1627 721 1731 arrogantid
735 1630 930 1720 remittere,
953 1633 1138 1731 quominus

365 1739 582 1831 juventutem
593 1753 780 1818 armarent,
793 1738 954 1833 conjuges
963 1760 1001 1805 ac
1012 1732 1137 1814 liberos

365 1832 404 1903 in
437 1831 512 1905 loca
539 1856 612 1907 tuta
641 1827 889 1920 transferrent,
921 1832 1064 1907 coetibus
1094 1862 1134 1917 ae
1170 1886 1175 1896 -

364 1929 531 2009 sacrificiis
557 1929 842 2031 conspirationem
862 1932 1037 2007 civitatum
1059 1932 1135 2007 sam

364 2031 490 2105 citent:
504 2056 606 2128 atque
616 2032 663 2103 ita
672 2031 817 2105 inritatis
827 2033 999 2141 utrimque
1011 2035 1134 2114 animia
1176 2123 1181 2132 ⁸

366 2126 554 2203 disteffum.
1117 2179 1119 2182 -

350 2316 352 2323 y
414 2230 585 2304 XXVIII.
602 2232 731 2302 Eanum
746 2230 853 2304 aestate
865 2232 987 2306 cohors
1001 2232 1135 2335 Ufipio-

362 2354 467 2420 rum,
491 2354 551 2431 per
577 2330 779 2403 Germanias
803 2330 1012 2435 conscripta,
1040 2337 1134 2415 &in

363 2432 575 2509 Britanniam
592 2428 801 2519 transmissa,
825 2460 992 2534 magnum
1004 2460 1041 2507 ac
1057 2462 1133 2509 me-

362 2530 530 2608 morabile
547 2530 678 2607 facinus
693 2530 769 2605 ausa
786 2534 842 2605 est.
870 2532 996 2607 Occiso
1012 2560 1134 2609 centu-

364 2636 461 2709 rione
484 2662 522 2707 ac
549 2632 745 2723 militibus,
771 2632 831 2732 qui
856 2632 901 2705 ad
929 2634 1147 2737 tradendam¹

364 2733 577 2833 disciplinam
602 2734 753 2803 immixti
778 2732 986 2831 manipuIIS,
1016 2761 1135 2819 exem-

364 2832 461 2934 plum
474 2842 510 2907 δι
525 2835 670 2905 restores
683 2827 916 2911 habebantur,
941 2850 1008 2900 tres
1023 2830 1152 2905 libor..

362 2932 477 3017 nicae,
501 2926 625 3001 adactis
649 2950 708 3024 per
732 2922 801 2994 vim
826 2923 1136 3021 gubernatoribus,

362 3023 540 3103 ascendite
554 3053 563 3096 t
591 3032 627 3098 δι
642 3050 713 3095 uno
731 3020 958 3125 remigrante,
978 3024 1134 3130 suspeetie

364 3125 496 3202 duobus
516 3121 625 3224 edque
647 3120 857 3211 intersedit,
878 3122 1034 3199 nondum
1054 3128 1132 3203 vul.

365 3253 444 3331 gato
458 3233 617 3315 tumore,
636 3248 673 3298 ut
686 3222 886 3297 miraculum
899 3227 1132 3327 proveheban-

365 3356 444 3403 tut:
465 3354 546 3399 mox
568 3326 630 3398 hait
652 3348 754 3421 atque
779 3321 837 3395 illl
860 3327 969 3425 rapti,
996 3337 1032 3401 &
1050 3356 1130 3402 curn

321 3426 335 3523 ’ό
363 3421 529 3529 plerisque
563 3426 829 3511 Britannorum,
859 3420 918 3497 sua
949 3424 1131 3501 defensan-

365 3520 472 3619 tium,
486 3526 606 3633 proelio
618 3521 779 3624 congteffi
791 3579 804 3615 ,
818 3550 857 3597 ac
868 3522 951 3630 sape
963 3527 1131 3631 rideres,¹
