2767 4634
347 604 423 662 ¹’tto
476 588 520 660 C.
549 583 807 658 connum
839 582 1023 657 Tncrrr

349 705 605 806 sibusVirgilii‚
619 702 759 777 surrexit
770 703 963 795 universus,
980 714 1016 780 &
1026 696 1119 779 forti

349 806 545 919 praesentem
561 804 581 876 s
599 808 836 903 ediantemque
850 806 1040 906 Virgilium
1054 834 1114 879 ve·

349 932 482 985 neratus
492 834 611 991 est‚lic
622 903 923 1005 quastAugustum.
933 907 987 978 Ne
996 906 1113 978 nostris

346 1005 748 1106 quidemtempotibus,
774 1004 946 1077 Secundus
966 1008 1114 1104 Pompo-

346 1108 422 1183 nius
440 1102 528 1181 Afro
548 1106 732 1201 Domitio,
755 1103 810 1178 vel
829 1104 997 1205 dignitate
1015 1106 1111 1194 vitae,

345 1205 400 1279 vel
431 1205 651 1306 perpetuitate
682 1202 809 1289 fama,
836 1202 976 1280 cesserit.
1017 1206 1112 1280 Nam

340 1302 943 1409 Crispus&Matcellus,adquorum
955 1304 1112 1403 exempla

341 1430 401 1479 me
414 1433 536 1497 vocas,
561 1405 646 1505 quid
666 1404 792 1478 habent
815 1406 852 1475 in
874 1405 935 1476 hac
956 1402 1110 1503 praesenti

255 1570 257 1577 Α
341 1502 479 1584 fortuni
493 1504 828 1609 concupiscendum?
850 1503 945 1603 quod
960 1504 1108 1579 timent?

341 1630 385 1679 an
409 1606 504 1705 quod
524 1606 715 1680 timentur?
737 1603 931 1704 quodcum
953 1602 1108 1702 quotidie
1177 1639 1182 1643 ·

341 1706 472 1805 aliquid
489 1731 673 1807 rogentur,
700 1704 762 1793 hi,
786 1704 907 1801 quibus
931 1706 1108 1803 praestant,

339 1805 590 1909 indignantur?
613 1805 707 1904 quod
731 1803 859 1904 alligati
883 1832 962 1876 cum
987 1803 1107 1877 adula-

322 1906 459 1994 tione,
476 1934 550 1980 nec
575 1903 819 2007 imperantibus
844 1930 1009 2001 umquam
1030 1902 1105 1977 satis

338 2001 426 2101 seryi
450 2006 635 2093 videntur,
665 2031 729 2076 nec
752 2002 852 2076 nobis
878 2002 954 2077 satis
982 2002 1105 2079 liberi?
1217 2038 1221 2044 ¹

338 2105 424 2195 Quae
447 2104 516 2179 haec
542 2104 675 2183 summa
690 2128 823 2188 „eorum
852 2104 1073 2203 potentiauest
1090 2110 1126 2181 ἓ,

339 2226 472 2281 tantum
485 2202 576 2303 polle
593 2200 708 2277 liberti
718 2200 838 2277 solent.
858 2205 922 2280 Me
937 2207 1017 2279 veto
1029 2203 1104 2279 dul·
1123 2262 1130 2269 .

337 2330 412 2391 cea,
435 2328 472 2377 ut
492 2302 656 2405 Virgilius
675 2304 747 2392 ait,
772 2302 906 2395 Musae,
932 2328 1105 2378 remotum

262 2438 265 2445 ·
336 2402 673 2493 asollicitudinibus,
690 2414 727 2478 ὃ(
741 2405 849 2494 curis,
866 2415 901 2479 &
913 2404 1102 2478 neceffitate

336 2504 491 2603 quotidie
505 2505 634 2606 aliquid
647 2530 764 2578 contra
777 2507 930 2578 animum
941 2501 1102 2595 faciendi,
1119 2582 1124 2591 ,

334 2603 372 2679 in
394 2603 452 2678 illa
472 2604 560 2681 sacta
582 2602 724 2705 illosque
745 2602 856 2680 fontes
883 2603 1015 2679 ferant:
1038 2630 1101 2679 nec

333 2704 488 2785 ursanum
500 2702 1101 2791 ultrei&lubricumforum,faman1·

334 2832 401 2903 que
424 2805 634 2903 pallentem,
661 2802 810 2900 trepidus
831 2801 1001 2898 experiar:
1026 2830 1098 2875 non

333 2928 391 2976 me
414 2904 569 2976 fremitus
588 2900 829 2985 salutantium,
853 2923 915 2969 nec
935 2897 1098 2974 anhelans

232 2994 234 3000 Α
331 3000 472 3074 libertus
486 3000 624 3072 excitetr
639 3022 702 3069 nec
710 2996 856 3069 incertus
865 2995 969 3069 futuri
978 3054 990 3086 ,
1001 3002 1098 3074 testa.

330 3121 488 3172 mentum
505 3124 566 3201 pro
586 3097 728 3201 pignore
747 3094 913 3171 scribam:
937 3124 1001 3171 nec
1021 3099 1097 3199 plus

330 3196 493 3289 habeam,
515 3200 618 3300 quim
633 3198 728 3300 quod
742 3198 881 3300 pollam,
900 3198 953 3271 cui
970 3198 1095 3291 velim,

329 3297 548 3400 relinquere,
590 3300 876 3399 quandocumque
913 3295 1023 3371 fatalis
1056 3311 1093 3375 ὃς

328 3426 424 3477 meus
439 3401 510 3478 dies
524 3402 655 3477 veniet:
674 3401 859 3499 [utrumque
874 3398 1007 3472 tumulo
1021 3428 1094 3474 non

963 3501 1090 3574 mustus
