2767 4634
341 604 421 689 ¹286
468 612 522 687 ln
546 603 731 697 Linteum
754 635 806 692 uu
834 582 1060 707 Mourbot

294 762 296 767 .
387 730 522 795 Olentem.
550 738 703 797 succinum
724 740 816 800 attritu
836 742 981 829 odorique
999 746 1116 828 flammi
1144 743 1161 794 ⁵·

342 814 444 896 pinum
463 815 577 876 redolet.
1092 830 1102 863 ³

301 939 306 954 t
382 890 512 955 Sitonum
523 912 631 978 genter.
653 892 741 957 Nunc
756 897 785 960 lc
798 900 950 985 Norwege.

384 1048 463 1111 Car.
481 1046 593 1113 XLVI.
622 1049 773 1117 Gennanis
797 1080 834 1119 on
854 1060 1005 1126 Sarmatis.
1030 1016 1115 1128 Ger-⁴*

344 1132 441 1191 mania
485 1129 577 1189 uidem
597 1129 728 1209 Vistula,
748 1134 777 1195 la
800 1135 926 1221 ViJlule,
948 1143 1113 1225 finiebatur,

225 1232 226 1237 ¹
346 1217 376 1269 &
393 1210 464 1271 ultra
502 1211 609 1287 istularn
629 1231 687 1272 erat
700 1213 846 1277 Sarmatia.
868 1219 982 1283 Peucini
1002 1226 1115 1302 tamen,

346 1286 515 1371 Venedique
540 1297 569 1349 δι
593 1286 684 1351 Fenni
709 1292 885 1357 Germanica
912 1306 1031 1384 originis
1059 1306 1113 1368 else

347 1368 531 1443 videbantur,
557 1370 656 1452 quod,
678 1371 744 1435 lieet
767 1378 797 1435 in
816 1376 951 1441 sarmatia
971 1384 1072 1463 pofiti,
1094 1406 1114 1447 a

303 1528 309 1534 ¹
344 1448 532 1510 Sarmatarum
550 1450 672 1511 moribus
693 1452 880 1518 deflecterent.

387 1526 514 1588 Peucini.
527 1528 666 1591 Peucinos
684 1554 743 1615 quo
765 1558 800 1597 ue
816 1535 976 1599 Germania
988 1535 1115 1615 adscribit
1229 1588 1232 1595 -

345 1604 452 1667 Plinius
465 1607 519 1683 IV,
537 1631 587 1683 14,
606 1610 718 1693 Quinte
728 1557 890 1679 germanie
897 1640 967 1696 pars
975 1616 1112 1694 Peucini,

346 1684 488 1768 Bastarna
503 1732 514 1759 ,
530 1688 618 1767 supra
643 1689 724 1751 diuis
745 1699 906 1758 contermini
925 1698 1031 1761 Dacis.
1062 1699 1112 1759 Ad

344 1766 429 1841 istri,
450 1765 474 1827 le
489 1764 635 1843 Danube,
656 1773 747 1848 ostia,
765 1781 795 1834 δι
813 1778 843 1835 in
865 1776 929 1869 ipfis
950 1783 1032 1841 etiam
1051 1780 1113 1841 Istti

347 1848 422 1907 ostiis
439 1843 554 1907 insulam
564 1846 697 1926 Peucen,
714 1854 935 1939 ouncPr‘cqma‚
954 1858 1113 1920 habitabant

344 1925 480 2071 grunni,
497 1948 562 2007 pars
573 1928 783 2011 Bastarnarum,
802 1954 833 1995 ut
840 1956 917 2017 patet
929 1959 963 1998 ex
976 1939 1114 2001 Strabone

343 2050 348 2074 q
375 2006 422 2078 H,
461 2026 477 2065 a
499 2046 507 2063 ο
540 2016 587 2065 06·
1087 2036 1105 2046 ’”

353 2076 356 2085 ’
384 2082 423 2143 Se
443 2025 687 2143 eechomiciliis.
710 2086 810 2150 Sedem
827 2090 1024 2174 domiciliaque
1036 2093 1114 2176 fige-

344 2158 544 2297 bantbPeucini.
553 2160 661 2221 Contra
668 2162 798 2227 Sarmata
809 2170 840 2229 in
847 2169 969 2251 plaustro
979 2193 1112 2257 equoque

341 2258 405 2303 vive
424 2256 481 2298 ant.

384 2316 518 2379 Conubiis
530 2318 634 2383 mixtis.
652 2320 839 2389 Peucinorum
848 2349 977 2411 proceres
991 2329 1112 2390 conubia

344 2396 495 2461 miscebant
507 2421 572 2462 eum
583 2404 732 2482 Sarmatis,
749 2415 778 2469 &
788 2412 818 2470 in
830 2410 1017 2473 Sarmatarum
1030 2409 1112 2471 babi-

344 2496 404 2541 tum
417 2478 562 2565 moresque
575 2482 760 2550 foedabantur.
1149 2554 1154 2559 ,

388 2559 418 2625 V
417 2558 505 2623 enedr'·
524 2561 637 2626 Venedi
650 2566 720 2627 ultra
730 2566 866 2630 Peucinos
878 2577 906 2631 &
919 2571 1062 2631 Bastarnas
1073 2568 1111 2635 ad

346 2639 495 2702 Suevicum
511 2642 596 2727 usque
611 2666 707 2722 mare,
724 2646 751 2707 la
766 2670 824 2710 mer
833 2648 977 2730 licitique,
994 2667 1113 2731 proten-

343 2719 487 2783 debantur.
511 2722 695 2786 Venedorum
714 2730 880 2798 memoriam
900 2727 991 2787 adbuc
1011 2731 1111 2789 retiner

343 2800 434 2861 Sinus*
449 2800 632 2879 Venedicus,
661 2824 738 2862 nunc
758 2802 782 2861 ie
803 2803 885 2878 Golfe
909 2804 942 2865 de
964 2804 1112 2887 Dantpig.

344 2876 446 2940 Manet
460 2890 518 2963 quo
541 2903 575 2941 ue
590 2901 695 2940 nomen
712 2883 743 2936 in
758 2879 881 2940 Wenden
890 2926 901 2953 ,
923 2903 985 2964 quae
995 2904 1059 2963 pars
1070 2887 1110 2945 est

345 2954 482 3017 Livoniae.
537 2957 584 3015 tim
598 2957 806 3015 Germanorum
821 2977 918 3040 gentes
935 2960 1062 3043 plurimae
1078 2968 1110 3025 iri

330 3100 332 3105 ¹
345 3036 468 3106 italiam,
478 3032 618 3107 Galliam,
630 3031 798 3117 Hispaniam
809 3038 981 3121 irrupissent,
990 3040 1112 3120 Venedi,

344 3112 413 3171 dieti
455 3132 548 3195 noque
566 3113 702 3189 Winedi,
722 3137 822 3180 vacuas
842 3117 918 3181 sedes
939 3144 1112 3206 occupavere

344 3194 416 3253 inter
431 3131 569 3257 Pinetam
583 3202 610 3254 &
623 3194 731 3257 Albim.
756 3197 826 3259 Inde
842 3200 1006 3263 Danubium
1025 3205 1112 3281 traje-

344 3290 428 3346 cere,
446 3272 638 3352 Dalmatiam,
656 3276 799 3361 Illyricum
813 3326 822 3351 ,
838 3280 962 3357 istriam,
981 3279 1111 3361 Carnos,

345 3347 520 3436 Noricasque
541 3354 629 3435 Alpes
654 3374 783 3421 tenuere..
805 3358 856 3417 De
873 3363 971 3423 ‚eorum
992 3369 1109 3423 nomine

345 3452 410 3511 pars
428 3432 567 3493 Carniolae
588 3434 678 3493 adhuc
696 3435 794 3494 dicitur
812 3436 1026 3519 Windismerck.
1059 3441 1109 3523 Ob

344 3512 529 3572 celebritatem
559 3512 787 3596 nobilitatemque
821 3524 1014 3598 cognominati
1049 3519 1110 3582 fimt

343 3590 438 3665 Slavi,
452 3591 631 3675 lanffimeque
642 3596 717 3676 viget
728 3614 825 3657 eorum
837 3596 933 3681 lingua
940 3646 950 3677 ,
968 3600 995 3659 la
1006 3598 1116 3680 langue
