2767 4634
307 578 384 666 ηδ
433 572 967 664 ΟιΕοικειιιΤΑοιτι
1025 611 1028 615 ’
1129 597 1135 609 “

309 688 398 792 ipsos
413 690 607 768 incefferet!
628 694 748 766 Tuum
759 710 878 769 tamen
887 740 901 785 ς
912 684 1076 783 Meffela,

308 791 507 891 promillum
519 790 712 867 immutall'e
726 823 797 867 non
810 795 914 870 debes
931 826 940 867 ε
960 820 1074 894 neque

312 893 407 965 enim
428 888 620 966 defensores
641 895 860 994 antiquorum
881 897 1074 995 exigimus,

310 1018 374 1065 nec
395 1017 604 1091 quemquam
624 996 839 1085 nostrorum,
864 1022 1075 1095 quamquam

306 1088 416 1169 modi>
430 1090 557 1165 laudati
567 1092 699 1183 sumus,
712 1095 785 1185 his,
802 1122 886 1195 quos
897 1092 1075 1168 inscelatus

310 1190 357 1265 est
372 1188 485 1291 Aper,
510 1220 765 1293 comparamusz
784 1223 822 1267 ac
842 1222 887 1267 ne
905 1193 975 1297 ipse
994 1196 1075 1295 qui-

308 1289 393 1365 dem
415 1292 463 1365 ita
486 1288 612 1382 sentit,
638 1292 698 1368 sed
723 1321 826 1367 more
841 1295 950 1368 veteri
961 1350 976 1382 ‚⁴
992 1302 1033 1367 &
1052 1322 1074 1367 a

308 1391 423 1465 vestris
433 1390 639 1495 philosophis
647 1394 730 1497 sepe
739 1392 1076 1494 celebrate,sumps1t

310 1489 373 1565 fibi
387 1492 642 1569 contradicendi
652 1521 772 1595 partes.
784 1497 949 1598 Ex'ptome
962 1494 1075 1582 nobis,

311 1618 382 1667 non
397 1592 627 1669 laudationem
641 1597 879 1696 antiquorum,
891 1594 967 1668 satis
980 1596 1076 1668 enim

313 1690 390 1765 illos
407 1689 500 1767 fama
511 1692 569 1767 sua
581 1694 719 1785 laudat,
738 1695 798 1770 sed
814 1692 947 1782 causes,
967 1720 1025 1767 cut
1037 1694 1076 1765 in

311 1816 447 1870 tantum
472 1794 516 1867 ab
542 1794 597 1869 elo
623 1796 738 1869 uentil
761 1823 880 1872 eorum
907 1791 1076 1869 recelleti-

311 1919 413 1990 mus3
438 1893 518 1969 clnn
537 1824 718 1997 praeiettim
736 1922 874 1971 centum
900 1895 987 1969 &vi
1012 1891 1077 1965 ‘nti

311 2020 417 2067 annos
432 1995 475 2068 ab
487 1996 627 2069 interitu
641 1998 818 2070 Ciceronis
829 1999 867 2067 in
876 1993 966 2069 hunc
1007 1995 1076 2068 'em

309 2090 706 2193 efficitatiotemportim
721 2096 906 2196 collegerit.
1158 2107 1163 2112 ’

358 2193 475 2267 XXV.
505 2196 604 2269 Tum
632 2194 810 2292 Meffala:
841 2195 968 2293 Sequar
995 2217 1075 2267 ate

309 2288 532 2406 prescriptam
551 2290 729 2384 formam,
758 2296 940 2369 Materne:
964 2318 1077 2392 neque

299 2391 404 2465 enim
420 2392 480 2467 dtu
497 2395 799 2471 contradicendum
815 2397 861 2470 est
873 2394 993 2497 Apro,
1015 2393 1076 2491 qui

309 2492 484 2593 primini,
504 2519 542 2567 ut
554 2496 698 2595 opinor,
717 2497 868 2584 nominis
883 2518 1078 2568 controver-

308 2588 394 2666 liam
423 2594 564 2685 movit,
598 2622 775 2697 tamquam
799 2625 918 2699 patum
944 2592 1079 2697 proprie

308 2695 444 2795 antiqui
476 2722 704 2788 vocarentut,
734 2726 820 2795 quos
844 2696 921 2769 latis
950 2694 1078 2766 constat

311 2820 390 2867 ante
413 2821 552 2869 centum
573 2824 678 2871 annos
701 2793 808 2870 fuisse.
841 2794 936 2868 Mihi
959 2817 1077 2865 autem

308 2891 355 2967 de
378 2895 545 2970 vocabulo
570 2922 682 2996 pugna
707 2922 777 2966 non
803 2894 876 2980 est,
907 2890 972 2964 five
998 2889 1077 2965 illos

308 2994 496 3093 antiquos,
521 2994 589 3068 five·
618 3002 792 3095 majores,
819 2989 891 3083 sive
913 3018 982 3091 quo
1007 2990 1077 3064 alio

308 3092 440 3167 mavult
458 3095 621 3186 nomine,
642 3092 812 3198 appellet:
834 3090 1028 3167 dummodo
1038 3092 1078 3164 in

311 3188 461 3266 confello
474 3194 534 3285 stt,
552 3190 817 3270 eminentiorem
833 3194 972 3267 illorum
989 3218 1079 3266 tem·

310 3316 432 3390 porum
455 3293 686 3391 eloquentiam
708 3293 815 3367 fuisse.
853 3295 908 3366 Ne
930 3292 982 3364 illi
1002 3291 1078 3391 qui·

308 3388 392 3463 dem
405 3393 489 3493 parti
501 3390 665 3465 sermonis
678 3400 750 3488 ejus
762 3418 932 3492 repugno,
950 3390 1077 3491 siquo-

301 3488 425 3567 minus
438 3489 604 3595 letetm,
639 3489 751 3597 plures
779 3488 907 3596 lotmes
937 3491 1079 3575 dicendi
