2767 4634
475 553 875 624 Grannum.
1015 577 1061 644 ι,

278 661 438 772 gloriam
448 666 1059 770 sanguinis‚asimilitudine&inertii

279 771 469 844 Gallorum
480 770 684 870 separentur.
696 771 806 873 Ipsam
819 772 934 845 Rheni
949 772 1057 869 ripam

272 870 375 944 haud
394 869 496 954 dubie
512 874 768 958 Germanorum
784 871 901 972 populi
916 871 1056 961 colunt,

275 969 483 1072 Vangiones
495 971 689 1060 „Tubero-i,
708 974 881 1062 Nemetes.
902 971 956 1044 Ne
969 972 1056 1044 Ubii

273 1071 427 1168 quidem
446 1121 467 1160 ‚.
489 1093 702 1171 quamquam
730 1075 891 1146 Romana
920 1070 1056 1146 colonia

276 1169 344 1244 effe
353 1173 566 1260 meruerint,
578 1201 616 1244 ac
629 1170 1055 1272 libentilrsAgrippinenses

270 1270 467 1350 eonditoris
485 1270 535 1344 sui
549 1273 692 1344 nomine
708 1298 899 1360 vocentur,
919 1271 1052 1372 origine

234 1452 237 1458 ,
271 1369 504 1460 erubescunt,
529 1370 715 1472 transgreffi
732 1372 844 1460 olim,
865 1375 901 1446 &
920 1373 1051 1485 experi7

271 1493 400 1558 mento
429 1469 512 1545 fidei
538 1469 635 1570 super
662 1469 769 1572 ipsam
796 1471 912 1546 Rheni
940 1498 1050 1572 ripam

271 1569 460 1660 collocati,
486 1595 525 1646 ut
545 1596 724 1662 arcerent,
748 1599 820 1646 non
843 1597 881 1646 ut
903 1573 1053 1659 custodia„

271 1694 402 1744 rentur.

327 1771 461 1844 XXIX.
496 1765 710 1844 Onururn
738 1761 860 1842 harum
891 1762 1050 1868 gentium

270 1867 399 1945 virtute
419 1873 515 1970 praeci
541 1873 575 1946 ui
592 1871 739 1958 Batavi,
759 1897 830 1942 non
843 1868 994 1962 multtinr
1006 1895 1047 1944 ex

268 1959 369 2070 ripi,
394 1967 454 2044 sed
472 1901 619 2046 iniitlam
637 1970 753 2044 Rheni
773 1971 882 2044 amnis
906 1969 1045 2061 colunt,

267 2071 454 2144 Cartorum
466 2072 646 2172 quondam
657 2070 799 2172 populus
809 2128 820 2160 ,
830 2068 1042 2167 &seditione

267 2161 453 2245 domestici
476 2175 514 2246 in
541 2200 596 2246 eas
621 2159 716 2268 series
739 2169 979 2272 transgressus,
1003 2174 1041 2247 in

267 2271 389 2369 quibus
402 2291 477 2374 pars
492 2266 707 2346 Romnni‘inr
732 2271 938 2346 eriifierent.
957 2274 1045 2353 Ma-⁴

155 2453 161 2476 ἢ
265 2393 325 2444 net
341 2372 476 2462 honos,
494 2383 530 2447 &
545 2373 689 2472 antiquae
703 2300 870 2447 incientis
889 2370 1038 2474 infignet'

264 2496 348 2542 nam
377 2499 442 2545 nec
472 2463 605 2546 tributis
632 2497 935 2561 contemnuntur,
972 2501 1038 2548 nec

264 2568 470 2668 publicanus
490 2575 625 2647 atterit:
651 2575 802 2672 exempti
820 2573 980 2644 oneribus
1001 2579 1038 2645 &

264 2665 529 2758 collationibus,
550 2681 586 2746 &
609 2670 747 2746 tantum
765 2672 802 2742 in
825 2668 924 2742 usum
948 2695 1039 2769 proe-

261 2765 388 2844 liorum
409 2765 568 2868 seposrti,
596 2771 690 2846 velut
713 2770 781 2844 tela
796 2794 900 2870 atque
918 2795 1038 2860 arma,

263 2865 360 2940 bellis
372 2866 592 2944 reservantur.
616 2874 669 2944 Est
680 2872 717 2943 in
731 2870 859 2944 eodem
870 2867 1036 2970 obsequio

261 2975 296 3046 δέ
306 2968 556 3044 Mattiacorum
574 2997 668 3072 gens.
693 2969 839 3046 Protulit
852 2970 947 3044 enim
962 2999 1035 3046 ma·

262 3064 405 3166 gnitudo
426 3070 545 3170 populi
563 3072 713 3144 Romani
733 3070 822 3144 ultra
845 3072 1034 3162 Rhenum,

261 3163 415 3266 ultraque
431 3193 563 3244 veteres
576 3172 766 3259 terminos,
786 3172 923 3271 imperii
936 3199 1033 3246 reve·
1108 3195 1111 3200 “

260 3267 413 3342 rentiam.
437 3271 491 3342 lta
509 3267 589 3344 sede
603 3267 794 3370 finibusque
811 3270 856 3342 in‘
869 3266 925 3342 sui
938 3272 1032 3374 ripl,

258 3391 370 3440 tuente
385 3369 575 3469 animoque
589 3369 766 3446 nobiscum
778 3396 906 3471 agunt,
919 3395 1030 3444 cetera

255 3462 375 3544 ssmiles
402 3470 575 3564 Batavis,
606 3469 667 3548 nist
694 3468 890 3644 quodBiBlo
918 3469 1028 3570 adhuc
