2767 4634
396 615 738 690 Grannnonun
763 611 909 688 Nonae.
972 632 1049 713 ²35

263 739 266 752 '
311 729 401 814 'Apud
418 755 472 795 nos
488 727 574 806 vero,
597 732 792 872 inrffnatrice
802 731 909 804 domo,
924 732 1001 814 viget
1012 737 1043 792 δι

265 806 304 870 ln
317 809 643 874 immensumausiaLex
675 811 1041 894 alica‚egregiumimperii
1120 876 1125 880 ,

262 889 357 950 aecus
372 935 381 964 ‚
405 899 433 951 δι
445 890 592 954 securitatis
594 889 725 1048 (3anoe
738 908 931 953 tutamentum.

315 967 451 1032 Orbitatir
469 970 569 1050 pretia.
627 991 667 1031 ua:
688 990 766 1032 etant
783 971 885 1032 Rornae
908 969 1042 1030 maxima.

269 1044 349 1113 tVide
369 1047 450 1131 suprrl
468 1050 574 1112 Annal.
586 1049 629 1110 III
639 1097 648 1126 ,
669 1068 716 1125 ις.

259 1226 264 1234 ·
312 1201 388 1266 Cur.
409 1204 495 1268 XXI.
532 1205 676 1287 Suscipere
703 1224 762 1268 tam
790 1203 959 1266 inimicitias.
992 1203 1040 1266 Sic

261 1282 347 1362 “apud
371 1304 472 1346 veteres
491 1289 615 1368 populos
639 1284 796 1348 consultum
814 1305 850 1344 ne
874 1286 1041 1364 impunitate
1061 1337 1065 1345 ,

270 1361 414 1443 gliscerent
438 1367 555 1443 injuriae.
591 1365 661 1426 Inde
683 1367 726 1426 illi
748 1365 850 1424 ultores
876 1360 1049 1444 sanguinis,

294 1461 341 1502 uos
370 1445 464 1505 videre
492 1445 532 1503 est
559 1446 643 1504 etiam
669 1441 746 1524 apud
768 1439 916 1524 Moysen,
949 1439 1040 1500 Num.

301 1517 414 1598 XXV,
438 1540 472 1586 19
491 1529 519 1580 &
536 1519 614 1604 seqq.
636 1521 679 1582 Le
702 1523 762 1581 'bus
798 1541 834 1580 no
856 1541 891 1579 ue
904 1519 1042 1579 Romania

269 1600 418 1674 statutum,
438 1599 514 1660 Cocl.
528 1600 590 1659 libr.
602 1601 666 1676 Vl,
716 1605 746 1662 it.
854 1599 902 1670 V,
923 1595 957 1657 de
976 1597 1039 1674 itit,

268 1677 391 1756 quibus,
420 1695 450 1737 ut
471 1677 622 1760 indignis,
650 1679 828 1742 hereditates
850 1675 1041 1754 auferuntur,

268 1757 327 1838 leg.
348 1777 372 1815 r.
399 1754 545 1831 Heredes,
567 1779 632 1838 quos
653 1779 747 1820 necetn
767 1757 912 1839 testatoris»
925 1753 1043 1815 inultam

269 1831 379 1972 omffle
409 1833 588 1916 constiterit,
614 1837 726 1914 frudun
755 1837 879 1919 integros
909 1852 1044 1916 cogantur.

267 1933 300 1976 re
339 1935 394 1976 ere.

307 1991 372 2054 Nec
392 1990 588 2070 implacabiles.
621 1992 711 2076 Apud
732 1992 901 2055 bellatricem
945 2009 1038 2052 entem

266 2075 298 2139 ,δι
319 2074 350 2131 in
371 2070 458 2133 caedes
481 2073 553 2132 ultro
574 2093 724 2148 ruentem,
750 2012 945 2153 sapientiffimi
964 2092 1038 2154 pro-

266 2146 372 2227 visum,
388 2170 418 2212 ut
429 2154 470 2213 ira
502 2155 623 2214 lacabilis
637 2151 711 2214 soret
723 2160 781 2228 ,·&
792 2150 850 2234 ipsa
865 2152 1037 2227 homicidia,

266 2249 327 2289 non
348 2249 456 2306 morte,
477 2173 523 2292 sed
542 2237 652 2312 pretio,
672 2233 835 2306 lucrentur,
854 2251 967 2324 totaque
987 2234 1037 2290 in-

264 2307 371 2368 neclecti
386 2309 485 2369 domus
499 2315 634 2390 reciperet
653 2309 877 2372 sansfistionem.
901 2311 948 2370 Suc
961 2311 1039 2372 enin

265 2406 352 2445 nemo
361 2386 499 2460 infensus,
511 2409 596 2448 nemo
606 2387 787 2449 adustionem
797 2391 918 2446 intentus
929 2404 1036 2446 maner.

266 2463 308 2523 At
321 2484 357 2522 ne
375 2482 537 2544 paupertate
558 2463 689 2525 cresceret
708 2463 929 2524 interfectoribus
947 2464 1037 2524 auda-

221 2597 225 2603 .
267 2543 334 2615 cia,
354 2539 461 2620 optime
477 2541 567 2600 adhoc
588 2541 744 2602 consultum
764 2540 877 2621 primo,
896 2561 926 2601 ut
942 2543 1037 2602 hunti-

268 2618 333 2680 cida
356 2635 492 2700 quantum
514 2617 627 2677 haberet
647 2621 784 2692 solveret3
810 2619 931 2692 deinde,
951 2638 982 2678 ut
1001 2619 1038 2679 de

266 2699 379 2781 reliquo
411 2695 564 2758 satisfacere
595 2713 733 2758 teneretur
765 2713 823 2756 tota
854 2695 1038 2758 interfectoris

266 2779 379 2838 domus.
414 2776 481 2858 Qui
504 2773 577 2837 cette
597 2797 627 2836 re
650 2779 696 2838 vix
717 2774 871 2859 quidquam
893 2775 984 2837 utilius
1005 2778 1037 2839 in

267 2858 380 2940 publica
391 2857 542 2920 commoda
554 2859 706 2939 excogitari
721 2857 827 2938 potuit,
838 2853 916 2930 cum,
928 2855 1035 2937 quantu

268 2938 360 3014 major
378 2939 416 2998 est
431 2938 559 3012 libertas,
583 2935 660 2998 tanti
679 2934 887 3018 periculosiores
908 2933 960 2996 fint
980 2938 1037 2996 ini-

268 3018 388 3077 micitiae.
417 3016 528 3098 Quibus
551 3035 644 3076 autem
663 3018 827 3088 caerimoniis
849 3013 1036 3079 fitrisfuciendi

268 3095 408 3156 neceffias
422 3098 452 3154 in
464 3095 653 3160 interfectoris·
664 3095 780 3156 domum
794 3095 934 3172 transiret,
954 3095 1037 3159 docet

268 3173 331 3237 Lex
347 3173 459 3251 Sulica,
476 3173 537 3237 Tit.
549 3173 643 3252 LXI,
662 3173 697 3238 cie
710 3173 802 3236 clren
816 3173 905 3237 aude.
929 3175 963 3249 ld
976 3178 1033 3253 est,

270 3252 305 3314 de
321 3272 431 3327 vocuo,
450 3253 523 3338 Leg.
538 3275 563 3314 ι.
586 3252 622 3317 Si
641 3255 704 3336 quis
725 3252 857 3316 hominem
879 3253 1034 3328 occiserit,

271 3331 304 3392 ir
326 3332 356 3393 in
378 3334 436 3395 ratri
449 3333 587 3413 facultate
610 3353 665 3397 nan
686 3333 836 3410 habuerit,
858 3334 930 3398 unde
949 3351 1035 3398 toturn

268 3410 358 3494 legent
376 3411 509 3490 inpleat,
531 3411 671 3477 sudeam
684 3416 823 3495 imatores
840 3413 938 3487 dabit,
963 3413 1034 3494 quod

269 3490 428 3571 nersobrus
448 3510 569 3568 terram,
591 3515 675 3576 neque
687 3496 773 3576 litora
796 3513 895 3557 terrant
915 3491 978 3568 plus
999 3491 1034 3554 ae

260 3569 406 3658 ‚facultate
420 3569 545 3652 lubeat,
564 3577 644 3657 quan
660 3574 782 3645 donna
806 3570 942 3658 Etanlen
954 3571 1037 3641 debet
