2767 4634
402 595 406 600 =
478 543 662 620 Gran
691 569 718 619 a
745 568 871 622 uus.
1004 564 1056 648 '15

282 663 422 766 publice
435 665 644 756 consuletur,
658 663 811 740 sacerdos
822 663 986 756 civitatis,
1002 666 1054 743 sm

282 768 473 866 privatim,
505 765 575 868 ipse
604 759 836 869 paterfamiliae
855 825 875 857 ,.
899 793 1053 869 precatus

283 866 393 956 deos,
416 867 603 970 caelumque
618 865 795 968 suspiciens
806 921 825 956 ς
837 894 889 942 ter
905 867 1056 969 singulos.

283 965 406 1056 tollit,
435 965 616 1056 sublatos,
644 965 831 1042 secuudum
858 967 1054 1068 impressam

281 1069 359 1140 ante
374 1093 521 1158 notam,
543 1070 794 1192 interpretatur.
822 1068 855 1140 Si
868 1069 1053 1168 prohibue-

284 1193 387 1256 runt,
412 1168 531 1258 nulla,
554 1167 598 1242 de
611 1169 735 1242 eadem
750 1195 814 1258 re,
835 1169 871 1240 in
888 1169 1054 1244 eumdem

283 1267 405 1357 diem,
426 1267 626 1343 consultatio
643 1298 658 1340 a
674 1267 959 1372 sur-permiffum‚
978 1268 1052 1344 aus-

281 1369 452 1469 piciorum
473 1369 584 1446 adhuc
611 1368 695 1443 fides
720 1370 881 1470 exigitur.
906 1371 947 1441 Et
965 1369 1053 1450 illud

280 1466 431 1568 quidem*
442 1472 547 1544 etiam
561 1469 615 1544 hlc
628 1495 754 1544 notum
766 1526 785 1558 ‚.-
803 1471 917 1559 avium
931 1497 1052 1562 voces,
1125 1505 1130 1514 ·

282 1567 481 1669 volatusque
492 1571 711 1670 interrogate
728 1569 910 1671 Proprium
919 1571 1054 1668 gentis,

283 1696 453 1770 equorum
466 1698 605 1770 quoque
619 1668 774 1770 ptaesagia
786 1698 824 1741 ac
839 1669 1054 1744 monitusex-

285 1771 409 1870 periri:
426 1771 556 1872 publice
571 1771 707 1844 aluntur
719 1767 842 1842 iisdem
857 1771 1054 1844 nemoribus

284 1897 325 1942 ac
343 1868 456 1959 lucis„
469 1871 608 1946 candidi
621 1924 632 1959 ,
644 1881 680 1944 &
695 1867 792 1941 nullo
803 1868 940 1942 mortali
950 1896 1053 1972 opere

281 1971 457 2062 comesti,
482 1999 568 2072 quos
582 1970 705 2072 pressos
720 1967 1053 2045 sacrocurtu-sacer-

283 2071 365 2161 dos,
381 2099 419 2146 ac
431 2098 512 2162 rex,
522 2071 578 2146 vel
590 2072 705 2174 prince
730 2099 744 2143 s
760 2069 923 2159 civitatis,
942 2073 1054 2154 comir

281 2197 409 2262 tantur,
417 2171 637 2271 hinnitusque
645 2200 683 2246 ac
692 2099 849 2246 lientitus
861 2169 1055 2249 observant.

282 2275 358 2347 Nec
371 2272 435 2346 ulli
450 2271 596 2375 auspicio
606 2279 715 2374 major
728 2270 812 2346 fides
822 2328 839 2361 ‚
857 2299 928 2346 nott
942 2271 1054 2348 solltm

283 2373 382 2474 apud·
405 2373 553 2470 lebem,
577 2371 636 2448 sed
653 2371 744 2474 apud
759 2399 936 2472 proceres,
962 2372 1054 2476 apud

282 2472 375 2547 sacer
424 2497 484 2548 tes.
510 2477 551 2549 Se
575 2473 858 2549 enim1ministros
881 2473 1054 2564 deorum,

288 2572 370 2648 illos
384 2572 531 2646 conscios
540 2571 775 2673 putant-Est&
784 2574 850 2645 alia
862 2571 1055 2649 observatio

284 2669 766 2776 auspiciorum,qpsgtavium
774 2671 944 2744 bellorum
953 2697 1055 2744 even.-

284 2799 337 2848 tus
351 2773 536 2876 explorant.
565 2773 796 2878 Ejtssgentis,
807 2799 886 2846 cum
902 2770 969 2871 qual
982 2769 1055 2851 bel„

283 2873 359 2947 lum
382 2877 454 2964 est,
479 2876 650 2978 captivum
668 2901 813 2975 quoquo
826 2869 933 2945 modo
946 2872 1056 2954 intere

284 3000 423 3078 ceptum
434 3001 539 3072 „cum
553 2976 660 3050 eleeto
671 2972 884 3089 popularium
896 2970 1056 3065 suorum,

285 3077 400 3177 patriis
414 3105 588 3177 quemque
603 3104 704 3152 armis
723 3076 967 3148 committunt:
986 3075 1055 3148 vic·

286 3178 374 3250 toria
396 3179 495 3278 hujus
507 3235 528 3268 ‚‚
545 3177 607 3254 uel
627 3175 718 3253 illius
732 3182 757 3268 Q
771 3202 838 3279 pto
860 3173 1054 3279 praeiudicio

282 3279 459 3380 accipitur.

304 3403 310 3416 ·
338 3381 402 3454 Xl.
418 3383 477 3456 Dr
488 3378 676 3454 minoribus
687 3379 786 3455 rebus
797 3375 1055 3478 principescona,

281 3475 434 3574 sultanr,
449 3481 495 3560 de
507 3481 691 3585 majoribus
703 3506 824 3560 omnes
835 3510 843 3557 t
854 3478 902 3555 ita
916 3501 1056 3581 tamenfj
