2767 4634
355 550 555 629 Drnroeus
582 568 625 619 nr
651 528 917 627 Onnronrnust
972 568 1043 649 ιο,

267 670 513 772 quidem,·sed
529 670 800 758 inexercitatam,
823 668 1042 769 &ejusmodi

270 774 501 847 certaminum
523 770 645 845 rudem
663 769 818 844 Helvidii
838 768 1042 871 sapientiam

268 871 388 948 elufit
404 873 502 945 Plura
522 872 567 945 de
586 870 732 945 utilitate
755 898 825 968 non
848 872 930 945 dico
950 928 961 962 ,
985 874 1044 946 cui

270 974 361 1077 parti
377 974 520 1049 minime
539 968 827 1045 contradisttirum
839 972 1046 1054 Maternum

269 1099 388 1149 meum
410 1073 563 1147 arbitrer.
1035 1127 1057 1135 ..

319 1176 383 1249 Vl.
403 1175 462 1247 An
479 1172 690 1271 voluptatem
709 1171 861 1245 oratoria
878 1170 1043 1273 eloquen·¹

271 1274 324 1347 tite
340 1272 497 1361 transeo,
522 1281 614 1371 cujus
636 1272 854 1374 jucunditas,
875 1300 946 1349 non
967 1300 1043 1351 uno

213 1370 219 1379 ’
270 1372 386 1473 aliquo
413 1398 596 1447 momento
618 1428 629 1463 ,
655 1371 716 1447 sed
745 1374 906 1446 omnibus
935 1378 1041 1477 prope

273 1475 415 1563 diebus,
436 1486 472 1549 &
490 1476 593 1576 prope
612 1474 772 1547 omnibus
794 1474 884 1546 horis
905 1476 1043 1548 contin·

274 1575 335 1677 git.
348 1576 446 1668 Quid
459 1576 554 1650 enim
569 1574 700 1648 dulcius
718 1574 826 1648 libero
838 1584 874 1648 &
888 1573 1043 1676 ingenuo

235 1700 236 1705 ¹
274 1676 417 1765 animo,
442 1686 475 1751 ὃ(
493 1674 537 1748 ad
556 1675 744 1777 voluptates
764 1675 916 1748 honestas
935 1700 1059 1769 nato,

272 1774 388 1874 quim·
400 1776 513 1849 videte
553 1774 669 1849 lenam
685 1774 817 1876 semper
832 1786 867 1849 &
880 1771 1045 1873 frequen⁴

274 1898 348 1949 tem
367 1876 510 1951 domum
527 1805 621 1949 inam
639 1871 839 1949 concursus
856 1874 1045 1949 lendidiffi-

273 2002 412 2049 morum
443 1978 661 2051 hominum?
690 1976 797 2076 idque
829 1902 941 2065 iiire,
970 2004 1044 2054 non

273 2078 445 2179 pecunia,
468 2106 539 2149 non
553 2075 690 2150 orbitati
704 2132 716 2166 ,
736 2102 848 2175 neque
861 2073 965 2151 officii
978 2078 1042 2151 ali&

273 2186 377 2277 cujus¹
391 2178 696 2265 administrationi,
719 2175 778 2251 sed
792 2175 853 2251 srbi
866 2175 926 2351 ilpsr
941 2174 1043 2255 darii

272 2276 349 2351 illos
363 2280 561 2380 quinimmo
574 2278 673 2352 orbos
686 2334 699 2368 ,
719 2288 754 2354 &
772 2278 872 2379 locup
886 2300 980 2369 etet,
1003 2289 1043 2355 δι

272 2402 430 2481 potentes
449 2380 564 2455 venire
582 2378 783 2482 plerumque
798 2378 842 2452 ad
858 2387 1043 2479 juvenem,

273 2490 309 2555 &
316 2507 535 2649 ¹pauperem,
557 2504 594 2553 ut
608 2504 664 2553 aut
677 2478 757 2571 sua,
779 2505 836 2554 aut
850 2478 1042 2553 amicorum

275 2578 315 2651 di
331 2580 475 2652 crimina
497 2580 752 2655 commendent.
796 2578 923 2654 Uilane
949 2602 1045 2653 tanta

273 2676 473 2779 ingentium
490 2708 593 2783 opum
607 2710 645 2755 ac
660 2706 791 2782 magnac
805 2678 964 2777 potentia
980 2705 1044 2752 vo-

273 2778 405 2881 luptas,
426 2781 528 2881 quim
544 2782 690 2899 speciiare
710 2781 869 2855 homines
888 2802 1046 2872 veteres,¹

243 2886 248 2893 “
274 2890 310 2954 &
326 2880 442 2972 senec,
457 2892 493 2959 δε
507 2908 611 2957 cottus
624 2883 729 2957 Urbis
744 2881 854 2985 gratiai
861 2878 1041 2970 subnixos,

274 2980 313 3053 in
343 2978 476 3056 summi
503 2985 662 3059 omnium
691 3012 805 3060 rerum
836 2980 1045 3056 abundantii

275 3080 502 3171 confitentes,
533 3086 570 3159 id
597 3084 691 3185 quod
718 3085 899 3186 optimum,
918 3082 981 3173 fit,
1008 3081 1045 3159 se

275 3206 345 3255 non
367 3183 524 3257 habete?
548 3188 626 3263 Jam
643 3188 747 3273 vero,
771 3185 831 3282 qui
848 3208 1044 3284 togatorum

274 3282 480 3375 comitatus,
504 3294 539 3359 &
562 3282 729 3385 egreffus!
752 3310 824 3384 quae
848 3283 884 3354 in
904 3282 1042 3383 publico
1085 3344 1088 3350 .
1194 3305 1197 3311 ’

273 3380 397 3498 species
411 3391 419 3457 !
446 3414 521 3486 quae
535 3387 571 3461 in
584 3386 718 3486 judiciis
731 3384 926 3459 veneratio!
946 3382 1041 3483 quod

272 3482 437 3583 Sffldlum
452 3486 680 3593 consurgendi
693 3486 938 3590 adfissendique
951 3485 1054 3569 inter,
