2767 4634
352 609 425 708 '168
478 575 1028 724 QCunuurrrTscrrr

351 727 546 834 quae&ipsa
553 729 739 829 plurimum
749 728 949 829 eloquentiae
960 733 1122 832 praestunr.¹

352 833 444 909 Nam
456 830 603 904 multum
615 831 940 919 interest,utrumne
952 833 995 908 de
1004 831 1118 926 furto,

351 958 410 1007 uut
421 929 592 1020 formuli,
614 941 650 1004 &
662 930 843 1004 interdicio
855 932 1042 1006 dicendum
1057 935 1120 1006 ha·
1164 950 1168 956 “

350 1031 448 1120 beas,
459 1059 502 1102 an
512 1029 556 1106 de
568 1029 702 1104 ambitu
712 1031 949 1120 comitiorum,
965 1033 1118 1134 expilatis

346 1129 471 1220 sociis,
499 1141 533 1205 δι
560 1131 688 1205 civibus
710 1131 904 1204 trucidatis:
955 1161 1002 1205 uae
1027 1133 1118 1207 mala

344 1229 428 1306 sicut
441 1259 511 1304 non
525 1231 676 1304 accidere
691 1229 812 1303 melius
826 1233 896 1319 est,
918 1232 924 1245 '
943 1260 1010 1329 que
1027 1234 1117 1331 opti-
1151 1311 1155 1316 ,

347 1357 424 1404 mus
452 1332 595 1406 civitatis
623 1333 720 1403 status
747 1331 923 1412 habendus
952 1333 1020 1421 est,
1044 1361 1117 1431 quo

346 1430 435 1504 nihil
450 1431 516 1514 tale,
532 1433 679 1536 patimur
696 1461 706 1502 ι
728 1432 775 1504 ita
796 1430 877 1502 crim
898 1431 1115 1522 acciderent,

346 1529 524 1630 ingentem
537 1532 739 1630 eloquentiae
750 1532 927 1605 materiam
938 1528 1115 1604 subminis-

255 1646 263 1653 '
344 1633 491 1706 trabant.
528 1631 660 1706 Crescit
676 1633 770 1705 enim
790 1659 870 1704 cum
889 1631 1115 1732 amplitudine

344 1757 460 1816 terum
473 1734 521 1805 vis
535 1733 688 1834 ingenii,
712 1759 775 1805 nec
818 1729 969 1830 uisquam
987 1731 1113 1805 claram

343 1842 381 1912 &
391 1832 554 1906 illustrem
567 1834 758 1906 orationem
769 1759 901 1906 efficere
915 1834 1041 1933 potest,
1051 1832 1114 1906 nisi

345 1933 407 2032 qui
420 1932 553 2006 causam
566 1961 681 2035 parem
695 1933 836 2006 invenit.
862 1934 940 2005 Non
948 1991 960 2022 ,
977 1934 1113 2034 opinor,

343 2033 619 2110 Demosthenem
636 2034 805 2105 orationes
822 2032 1007 2120 illustrant,
1029 2061 1112 2131 quas

344 2127 503 2204 adversis
515 2157 642 2205 tutores
655 2129 730 2202 suos
743 2129 952 2230 composuit:
973 2158 1035 2204 nec
1049 2135 1113 2205 Ci-

287 2231 301 2254 '
344 2249 507 2304 teronem
516 2289 527 2322 ‚
543 2257 709 2332 magnum
718 2254 889 2303 oratorem
902 2233 938 2302 P.
947 2230 1110 2321 Quintius

339 2327 500 2404 'defensus
528 2355 586 2406 aut
611 2330 762 2405 Licinius
788 2330 929 2403 Archias
954 2327 1109 2404 faciunts

336 2431 515 2520 Catilina,
537 2441 573 2507 &
586 2430 678 2505 Milo
693 2486 705 2519 ,
726 2440 761 2505 &
774 2431 925 2520 Verres,
947 2439 982 2506 &
994 2429 1108 2504 Anto-

339 2529 441 2622 nius,
464 2531 551 2606 hanc
567 2530 620 2605 illi
640 2529 770 2606 famam
787 2531 1106 2621 circumdederunts

338 2657 438 2722 non,
467 2633 547 2732 quia
572 2632 658 2725 tanti
688 2629 754 2707 fuit
783 2632 973 2734 reipublice
998 2632 1106 2706 malos

219 2815 228 2820 ,
338 2729 430 2808 ferre
442 2734 550 2821 cives,
567 2757 605 2806 ut
618 2733 761 2806 uberem
777 2733 822 2807 ad
836 2718 1020 2804 dicendum
1034 2758 1105 2802 ma·

337 2831 462 2909 teriam
472 2856 620 2904 oratores
631 2830 811 2922 haberent:
824 2827 902 2914 fed,
913 2854 951 2899 ut
961 2827 1106 2905 subinde

338 2925 1107 3021 admoneo,quaestionismeminerimus,scia-

340 3025 483 3123 musque
502 3050 563 3096 nos
579 3023 623 3096 de
639 3020 679 3097 ei
692 3050 728 3097 re
744 3021 862 3122 loqui,
885 3053 959 3124 quae
975 3024 1107 3106 facilibe

338 3124 483 3204 turbidis
505 3133 540 3198 δι
562 3123 722 3224 inquietis
742 3125 949 3228 temporibus
972 3131 1104 3207 exstitit.

339 3226 429 3322 Quis
452 3226 586 3326 ignorat
610 3225 723 3300 utilius
744 3254 782 3311 sc
802 3226 923 3300 melius
945 3225 1011 3305 effe
1035 3228 1103 3308 frui

364 3355 445 3415 ace,
465 3325 569 3424 quim
586 3325 679 3406 bello
699 3328 835 3400 vexari?
856 3326 971 3402 Plures
987 3352 1108 3408 tamen

334 3357 448 3506 bonos
456 3424 662 3528 proeliatores
672 3425 895 3522 bella,quim
903 3452 965 3526 pax
976 3426 1101 3506 ferunt.

332 3526 465 3651 similis
488 3525 689 3632 eloquentis
714 3525 878 3609 conditio.
915 3529 1100 3707 Nmssaequb

1022 3649 1098 3739 put
