2767 4634
385 544 583 653 Dratpous
611 562 655 613 na
683 563 937 623 onaroaruua.
988 570 1056 653 105
1095 622 1098 627 .

285 663 449 753 oblitus,
479 659 612 737 tanturn
647 663 822 738 Catonem
860 665 1059 768 cogitasset,

285 765 399 865 estque
417 764 460 838 de
481 792 516 838 te
535 788 595 864 per
608 762 744 839 Urbem
765 761 1057 864 frequenrsermo

284 867 491 955 haberetur,
518 887 684 950 venerunt
706 863 751 939 ad
769 892 850 939 eum
861 873 926 941 ·M.
941 875 1057 967 Aper,

283 975 323 1041 ὅ(
353 970 460 1042 Julius
490 969 691 1051 Secundus,
727 964 948 1042 celeberrima
978 995 1057 1047 turn

280 1064 422 1167 ingenia
445 1063 513 1139 soti
538 1066 640 1143 nostri
655 1095 663 1137 r
677 1092 773 1165 ,quos
790 1093 856 1169 ego
866 1067 908 1159 ¹in
921 1070 1056 1168 judiciis

279 1193 352 1239 non
373 1165 533 1265 utrosque
553 1166 660 1241 modb
681 1166 826 1241 studiose
845 1168 1028 1247 audiebam
1040 1168 1065 1265 ‚¹

278 1264 1052 1367 seddorniquoque&inpublicoadseslabaq

280 1364 368 1440 minl
389 1367 579 1441 studiorum
601 1367 816 1469 cupiditate,
838 1378 875 1443 δι
898 1372 1053 1469 quodam

280 1466 401 1543 ardore
424 1468 595 1567 juvenili,
620 1496 658 1541 ut
679 1464 810 1541 fabulas
830 1497 967 1570 quoque
991 1501 1053 1548 eo·

279 1592 379 1656 rum,
400 1578 435 1643 &
448 1566 713 1671 disputationes,
735 1578 902 1644 &arcana
912 1570 1050 1649 semota

278 1666 438 1743 distionis
470 1670 604 1772 penitus
633 1669 825 1771 exciperem
849 1675 1051 1771 :aquamvis

277 1766 432 1869 maligne
448 1770 613 1872 plerique
639 1772 885 1871 opinarentur,
908 1798 972 1846 nec
994 1777 1055 1851 Se·

278 1868 406 1943 cundo
427 1896 627 1988 promptum
660 1866 727 1943 esse
758 1867 982 1963 sermonem,
1013 1885 1053 1952 &

276 1967 412 2070 Aprum
426 1997 565 2071 urgento
609 1968 1049 2075 ',til1s&vinarurae,qudm

276 2069 486 2147 institutione
509 2084 545 2149 &
580 2072 673 2148 iteris
693 2068 823 2143 famam
843 2070 1048 2171 eloquentia

276 2169 506 2247 consecutum.
531 2175 623 2279 Nam
640 2182 676 2249 &
692 2171 849 2247 Secundo
867 2200 985 2275 purus,
1008 2186 1047 2251 &

256 2308 259 2321 ·
275 2271 424 2373 pressus,
442 2283 503 2362 &,
524 2275 562 2347 in
578 2297 744 2374 quantum
759 2270 836 2346 satis
851 2299 947 2363 erat,
970 2302 1047 2376 pto-

275 2371 383 2448 fluens
404 2373 516 2448 sermo
537 2403 607 2449 non
627 2372 761 2447 defuit:
784 2384 819 2448 &
836 2371 930 2472 Aper
946 2402 1048 2450 com-

273 2475 376 2547 muni
396 2475 585 2549 eruditione
605 2474 757 2549 imbutus
771 2474 1046 2563 „contemnebat

274 2571 393 2675 potilu
406 2573 518 2649 literas
533 2575 636 2673 qualm
651 2573 846 2669 nesciebat,
866 2600 1046 2672 tamquam

273 2680 449 2769 majorem
485 2674 647 2751 hdusttiae
675 2686 711 2751 δι
740 2672 864 2745 laboris
898 2672 1044 2774 gloriam

272 2773 470 2864 habiturus,
489 2773 704 2879 suingenium
717 2782 787 2874 ejus
800 2770 902 2847 nullis
915 2772 1045 2847 aliena-

273 2899 352 2949 tum
369 2878 493 2951 artium
500 2876 726 2951 adminiculis
742 2874 845 2947 inniti
861 2874 1041 2949 videretur.

273 2975 381 3075 Igitur
393 3002 430 3051 ut
446 2978 647 3053 intravimus
659 2975 854 3051 cubiculum
866 2976 1042 3065 Materni,

273 3073 450 3175 sedentem
467 3076 601 3181 ipsum,
620 3088 656 3152 &
672 3104 778 3177 quem
794 3076 903 3175 pridie
920 3078 1042 3151 recita·

272 3202 391 3267 vetat,
418 3177 545 3251 librum
568 3178 658 3252 intra
683 3202 805 3250 manus
829 3176 1039 3266 habentem,

202 3294 213 3311 ·
271 3276 571 3375 deprehendimus.

320 3379 382 3448 Ill.
394 3380 486 3451 Tuu
498 3382 665 3452 Secundus
680 3406 692 3451 .·
707 3375 767 3449 Nil
780 3404 824 3452 ne
838 3395 892 3465 te,
908 3373 1039 3473 inquit,

270 3474 457 3575 Materne,
482 3476 605 3555 sabula
630 3478 862 3653 malignorulrp
887 3500 1014 3554 terrent
1026 3530 1040 3569 ,

872 3604 894 3654 v
