2767 4634
330 614 401 702 70*
436 600 985 678 C.Conust11Tncist
1026 602 1032 615 ’

388 722 646 798 xxllfftnn
659 748 706 793 us
723 719 982 820 expeditionum
991 742 1119 799 annunt

240 824 243 831 ’
330 852 436 902 novas
460 846 576 922 gentes
598 820 753 924 aperuit,
781 823 910 895 vastatis
930 822 1099 923 usquead

329 928 448 1003 Taum
469 923 640 1018 (estuatio
655 947 784 993 nomen
798 924 868 1022 est)
885 925 1100 1002 nationibus:

331 1024 401 1126 qui
415 1022 602 1095 formidine
619 1023 728 1099 territi
739 1023 868 1113 hostes,
888 1012 1100 1126 quamquem¹

297 1168 300 1175 =
328 1125 563 1202 consistorum
586 1120 675 1197 saevis
696 1125 948 1225 tempestatibus
970 1126 1101 1201 exerci-

329 1248 432 1313 tum,
463 1221 617 1300 lacessere
642 1251 715 1301 non
742 1223 837 1296 aust:
862 1225 1099 1327 ponendisque

327 1324 463 1435 insuper
476 1323 613 1401 castellis
628 1322 772 1425 spatium
784 1323 860 1402 suit.
873 1326 1100 1404 Adnotabant
1192 1361 1202 1375 r

355 1428 457 1515 etiti,
483 1454 553 1499 non
569 1425 674 1499 alium
690 1425 816 1500 ducem
828 1428 1100 1529 opportunitates

328 1454 486 1605 iocorum
514 1524 693 1627 sapientius
717 1526 749 1600 le
774 1525 862 1601 isse:
894 1528 1028 1601 nullum
1053 1527 1099 1605 ab

328 1626 492 1729 Agricola
502 1624 647 1727 positum
658 1556 829 1701 castelium
837 1651 895 1699 aut
905 1629 940 1700 vi
949 1628 1099 1701 hostium

326 1753 583 1828 expugnatum,
600 1752 657 1801 aut
670 1728 824 1831 pastione
840 1755 877 1798 ac
891 1726 1099 1827 sugssdeser-

328 1852 416 1933 gum.
445 1827 584 1904 Crebrae
599 1828 815 1932 eruptiones:
834 1856 916 1901 nam
939 1818 1096 1903 adversiis
1200 1892 1203 1895 ,

328 1955 442 2003 moras
466 1927 679 2015 obfidionis,
707 1929 826 2001 annuis
848 1928 952 2030 copiis
979 1928 1097 2001 firma·

328 2028 477 2103 bantur:
498 2030 545 2099 ita
563 2027 732 2129 intrepida
749 2027 798 2099 ibi
822 2028 954 2119 hiems,
974 2039 1010 2103 &
1034 2029 1096 2104 srbi

325 2127 471 2229 quisque
484 2125 656 2231 praesrdio,
674 2127 784 2201 inritis
797 2127 944 2203 hostibus
958 2187 969 2218 ,
986 2130 1097 2229 estque

326 2228 614 2331 desperantibus,
658 2228 739 2328 quia
772 2226 863 2302 soliti
893 2230 1095 2332 plerumque

212 2414 217 2423 ι
326 2328 455 2403 damna
466 2330 579 2403 testatis
590 2328 740 2403 hibernis
750 2330 928 2404 eventibus
939 2330 1094 2430 pensate,

323 2455 401 2505 tum
414 2432 521 2509 aestate
534 2456 636 2531 atque
650 2431 764 2505 hieme
771 2432 1092 2534 juxtipellebantur.

323 2532 399 2607 Nec
427 2530 588 2635 Agricola
615 2560 673 2605 um
702 2524 780 2605 uarii
808 2560 868 2633 per
894 2533 976 2605 alios
1004 2535 1094 2632 gesta

323 2632 442 2721 avidus
458 2634 660 2736 intercepit:
676 2560 734 2708 seu
750 2634 923 2721 centurio,
945 2632 1001 2707 seu
1013 2654 1094 2733 praez

322 2730 450 2823 fessus,
463 2736 695 2833 incorruptum
708 2732 788 2801 fassi
801 2734 918 2802 testem
934 2732 1092 2810 habebat.

321 2832 356 2911 Ἀ
384 2836 430 2907 ud
443 2830 608 2933 quosdam
623 2829 775 2901 acerbior
787 2829 822 2897 in
835 2828 996 2899 conviciis
1012 2856 1093 2899 nar-

323 2862 459 3009 taiatur
470 2962 478 3002 ι
489 2955 526 3002 ut
535 2952 606 3017 erat
619 2926 717 2999 bonis
730 2926 859 3016 comis,
873 2926 921 3001 ita
933 2927 1092 3004 adversus

322 3033 431 3106 malos
448 3023 845 3128 inJucundus2teteti1m
859 3054 901 3100 ex
916 3027 1091 3104 iracundis

320 3130 409 3209 nihii
433 3125 629 3231 supererat:
662 3124 826 3203 secretum
856 3138 892 3203 &
918 3128 1089 3205 silentium

321 3239 393 3326 ejus
413 3256 483 3302 non
506 3230 667 3304 timeres:
688 3230 856 3304 honestius
875 3231 1014 3333 putabat
1034 3230 1092 3305 of‘·

319 3331 488 3423 sendere,
511 3331 616 3430 quim
635 3328 753 3403 odisse.
1011 3402 1018 3418 ,
1078 3386 1084 3394 -

372 3434 506 3507 XXIII.
539 3434 712 3525 Qunrrsn
741 3432 827 3504 aestas
859 3430 1087 3521 obtinendis‘,

321 3558 395 3635 quae
414 3558 645 3638 percurrerat,
670 3529 863 3635 insumpta:
884 3530 964 3609 aest
983 3534 1088 3609 virtus
