2767 4634
326 581 405 672 (ἵζε
496 576 931 665 Βυνηεκητῖιῢ

387 737 420 800 9³
447 707 562 780 run-2
586 703 702 780 crescit
723 706 760 780 in
785 706 859 782 dies
882 705 1100 810 indignitas}

326 820 394 884 nec
418 805 550 880 tantltm
574 806 738 977 inspenui,
761 803 820 881 sed
843 817 879 881 &
902 807 1013 898 servi,-
1040 809 1096 904 virt

209 914 215 927 '
330 908 599 1008 pueritiam-egre
624 933 654 995 1,
673 905 717 979 ad
730 906 940 982 laudandum
954 910 1095 983 trahuna

329 1029 403 1082 tur:
416 1027 478 1080 nec
493 1005 740 1106 intelligentes,
753 1032 812 1082 aut
824 1007 1097 1109 intelligentibus

325 1106 464 1196 similes,
474 1104 533 1179 sed
544 1134 589 1180 ne
602 1105 777 1182 audientes
785 1108 940 1205 quidem,
948 1109 1097 1183 maxime

324 1205 353 1282 sr
376 1208 451 1306 quis
476 1207 759 1309 imperitissimus,
781 1207 929 1306 ideoque
951 1208 1095 1284 laudum

208 1331 210 1338 ’
323 1308 528 1382 avidissimus
551 1307 681 1408 juvenis
706 1305 960 1381 addicendum
986 1307 1096 1384 acces-

326 1406 407 1510 serit
419 1447 442 1499 ,1
454 1407 601 1482 basilicas
621 1406 767 1508 implent
787 1405 1017 1498 clamoribus,
1037 1427 1095 1484 aut

320 1507 438 1610 potitis
455 1508 647 1584 ululatibus.
670 1510 793 1608 Neque
808 1507 903 1582 enim
916 1507 983 1582 alio
996 1535 1095 1583 vota-

327 1609 409 1684 bulo
467 1612 527 1684 test
538 1609 682 1712 exprimi
695 1607 833 1683 theatris
845 1636 893 1710 qu
940 1636 984 1686 ue
997 1609 1095 1686 inde·

321 1733 405 1787 ,ποτε
419 1638 578 1785 laidatio.
591 1713 676 1804 Quae
687 1709 767 1784 clun
780 1637 981 1810 reputoodri
990 1709 1093 1785 nostri

324 1811 509 1912 propudia‘,
527 1811 618 1886 haud
629 1811 757 1901 miror,
775 1812 961 1902 Materne,
977 1818 1090 1911 tejam

290 1911 458 1988 :dudum
476 1939 550 1987 rece
576 1913 625 1985 tui
641 1908 820 2000 cecinisse,
845 1922 882 1986 &
897 1967 910 2003 ,
932 1911 1012 1985 crim
1029 1939 1092 2014 pe-

324 2012 418 2086 rierit
438 1939 577 2086 forensis
595 2010 727 2112 gloria,
751 2036 785 2084 te
800 2010 908 2085 Musrs
926 2037 1039 2086 totum
1055 2037 1092 2091 te

321 2107 496 2184 addixisse.
518 2111 680 2198 Idunum
692 2134 777 2197 oro,
796 2111 962 2208 quoniam
973 2112 1091 2208 nosttae

321 2208 561 2312 disputationi,
575 2209 620 2282 de
633 2207 735 2282 caufis
751 2233 912 2312 corrupte
924 2209 1014 2312 apud
1026 2235 1089 2286 not

321 2307 524 2410 eloquentiae
545 2308 650 2383 finem
669 2307 883 2412 impositurus
902 2337 965 2400 es,
986 2309 1090 2388 addas

320 2410 429 2486 velim
442 2435 556 2485 utrum
569 2411 633 2485 tibi
646 2409 685 2484 stt
696 2411 880 2488 meliorum
892 2437 1089 2528 temporum

316 2511 416 2689 =spes,
429 2521 464 2588 δι
477 2540 549 2614 quae
560 2511 655 2617 poffit
669 2511 735 2590 else
747 2513 1090 2591 emendationutatio

350 2633 457 2690 oceus.
559 2647 567 2664 ·

316 2807 319 2812 Ι
377 2738 434 2791 ιο.
459 2717 652 2805 Fertor,
673 2711 787 2814 inquit
802 2719 1005 2799 Maternus,
1027 2738 1086 2786 me

317 2814 542 2916 irrepentibus
554 2817 590 2886 in
604 2813 719 2887 forum
735 2815 824 2885 vitiis
841 2813 933 2883 haud
949 2811 1087 2883 medio-

320 2915 431 2996 criter
445 2911 542 2986 fuisse
569 2911 795 2980 commotum.
831 2908 947 3008 Magis
974 2909 1087 2985 adhuc

320 3041 380 3086 me
393 3006 610 3103 offendebat3
629 3005 725 3105 quod
735 3007 773 3078 in
786 3005 859 3081 dies
870 3004 1087 3086 invalesceret

319 3109 416 3185 ferox
428 3105 555 3196 scelus,
576 3105 777 3210 pudendum
789 3107 870 3184 crim
883 3106 1090 3188 defendere-

314 3203 392 3300 tur,
415 3207 583 3284 exitiabile
598 3201 623 3284 sr
637 3211 696 3282 im'
712 3237 902 3314 ugnaretur.
917 3213 1086 3289 Nondum

319 3333 436 3386 tamen
453 3340 473 3384 a
488 3307 611 3384 forenfi
624 3240 733 3386 studio
751 3309 886 3385 fuissem
898 3319 1083 3405 tetradus,

317 3413 356 3489 ni
366 3408 572 3514 imperiosior
582 3437 700 3486 natura
709 3439 765 3484 me
773 3409 879 3500 Musis
889 3411 1082 3490 devovisset.

319 3515 468 3615 §ertum
484 3507 630 3609 enimec
646 3509 873 3590 deliberatum
887 3514 975 3590 milri
992 3539 1082 3618 erat²
